%YAML 1.1
%TAG !u! tag:unity3d.com,2011:
--- !u!1 &865824673036885120
GameObject:
  m_ObjectHideFlags: 0
  m_CorrespondingSourceObject: {fileID: 0}
  m_PrefabInstance: {fileID: 0}
  m_PrefabAsset: {fileID: 0}
  serializedVersion: 6
  m_Component:
  - component: {fileID: 865824673037172960}
  m_Layer: 0
  m_Name: Wing_Front_R_03
  m_TagString: Untagged
  m_Icon: {fileID: 0}
  m_NavMeshLayer: 0
  m_StaticEditorFlags: 0
  m_IsActive: 1
--- !u!4 &865824673037172960
Transform:
  m_ObjectHideFlags: 0
  m_CorrespondingSourceObject: {fileID: 0}
  m_PrefabInstance: {fileID: 0}
  m_PrefabAsset: {fileID: 0}
  m_GameObject: {fileID: 865824673036885120}
  m_LocalRotation: {x: 0.026808158, y: -0.037572112, z: 0.015876992, w: 0.9988081}
  m_LocalPosition: {x: -0.53122264, y: -0.00000032100002, z: 0.0000001284}
  m_LocalScale: {x: 1, y: 1, z: 1}
  m_Children:
  - {fileID: 865824673037172962}
  m_Father: {fileID: 865824673037172966}
  m_RootOrder: 0
  m_LocalEulerAnglesHint: {x: 0, y: 0, z: 0}
--- !u!1 &865824673036885122
GameObject:
  m_ObjectHideFlags: 0
  m_CorrespondingSourceObject: {fileID: 0}
  m_PrefabInstance: {fileID: 0}
  m_PrefabAsset: {fileID: 0}
  serializedVersion: 6
  m_Component:
  - component: {fileID: 865824673037172962}
  m_Layer: 0
  m_Name: Wing_Front_R_04
  m_TagString: Untagged
  m_Icon: {fileID: 0}
  m_NavMeshLayer: 0
  m_StaticEditorFlags: 0
  m_IsActive: 1
--- !u!4 &865824673037172962
Transform:
  m_ObjectHideFlags: 0
  m_CorrespondingSourceObject: {fileID: 0}
  m_PrefabInstance: {fileID: 0}
  m_PrefabAsset: {fileID: 0}
  m_GameObject: {fileID: 865824673036885122}
  m_LocalRotation: {x: 0.121612504, y: -0.24220979, z: 0.38251635, w: 0.88330406}
  m_LocalPosition: {x: -0.5940309, y: -0.05389577, z: -0.038980614}
  m_LocalScale: {x: 1, y: 1.000001, z: 1}
  m_Children:
  - {fileID: 865824673037172972}
  m_Father: {fileID: 865824673037172960}
  m_RootOrder: 0
  m_LocalEulerAnglesHint: {x: 0, y: 0, z: 0}
--- !u!1 &865824673036885124
GameObject:
  m_ObjectHideFlags: 0
  m_CorrespondingSourceObject: {fileID: 0}
  m_PrefabInstance: {fileID: 0}
  m_PrefabAsset: {fileID: 0}
  serializedVersion: 6
  m_Component:
  - component: {fileID: 865824673037172964}
  m_Layer: 0
  m_Name: Wing_Front_R_01
  m_TagString: Untagged
  m_Icon: {fileID: 0}
  m_NavMeshLayer: 0
  m_StaticEditorFlags: 0
  m_IsActive: 1
--- !u!4 &865824673037172964
Transform:
  m_ObjectHideFlags: 0
  m_CorrespondingSourceObject: {fileID: 0}
  m_PrefabInstance: {fileID: 0}
  m_PrefabAsset: {fileID: 0}
  m_GameObject: {fileID: 865824673036885124}
  m_LocalRotation: {x: 0.009083831, y: -0.0043671518, z: 0.94859797, w: 0.31632322}
  m_LocalPosition: {x: 0.083252765, y: -0.0651522, z: -0.22918552}
  m_LocalScale: {x: 1, y: 1.000001, z: 1}
  m_Children:
  - {fileID: 865824673037172966}
  m_Father: {fileID: 865824673037173044}
  m_RootOrder: 4
  m_LocalEulerAnglesHint: {x: 0, y: 0, z: 0}
--- !u!1 &865824673036885126
GameObject:
  m_ObjectHideFlags: 0
  m_CorrespondingSourceObject: {fileID: 0}
  m_PrefabInstance: {fileID: 0}
  m_PrefabAsset: {fileID: 0}
  serializedVersion: 6
  m_Component:
  - component: {fileID: 865824673037172966}
  m_Layer: 0
  m_Name: Wing_Front_R_02
  m_TagString: Untagged
  m_Icon: {fileID: 0}
  m_NavMeshLayer: 0
  m_StaticEditorFlags: 0
  m_IsActive: 1
--- !u!4 &865824673037172966
Transform:
  m_ObjectHideFlags: 0
  m_CorrespondingSourceObject: {fileID: 0}
  m_PrefabInstance: {fileID: 0}
  m_PrefabAsset: {fileID: 0}
  m_GameObject: {fileID: 865824673036885126}
  m_LocalRotation: {x: 0.005213624, y: -0.06804445, z: -0.30117777, w: 0.9511229}
  m_LocalPosition: {x: -0.1963312, y: 0.0000001712, z: -0.0000000428}
  m_LocalScale: {x: 1, y: 1, z: 1}
  m_Children:
  - {fileID: 865824673037172960}
  m_Father: {fileID: 865824673037172964}
  m_RootOrder: 0
  m_LocalEulerAnglesHint: {x: 0, y: 0, z: 0}
--- !u!1 &865824673036885132
GameObject:
  m_ObjectHideFlags: 0
  m_CorrespondingSourceObject: {fileID: 0}
  m_PrefabInstance: {fileID: 0}
  m_PrefabAsset: {fileID: 0}
  serializedVersion: 6
  m_Component:
  - component: {fileID: 865824673037172972}
  m_Layer: 0
  m_Name: Wing_Front_R_05
  m_TagString: Untagged
  m_Icon: {fileID: 0}
  m_NavMeshLayer: 0
  m_StaticEditorFlags: 0
  m_IsActive: 1
--- !u!4 &865824673037172972
Transform:
  m_ObjectHideFlags: 0
  m_CorrespondingSourceObject: {fileID: 0}
  m_PrefabInstance: {fileID: 0}
  m_PrefabAsset: {fileID: 0}
  m_GameObject: {fileID: 865824673036885132}
  m_LocalRotation: {x: -0.082926564, y: 0.059815496, z: -0.12597513, w: 0.98675}
  m_LocalPosition: {x: -0.27558738, y: -0.00000032100002, z: 0.0000000856}
  m_LocalScale: {x: 0.999999, y: 1.000001, z: 1}
  m_Children:
  - {fileID: 865824673037172974}
  m_Father: {fileID: 865824673037172962}
  m_RootOrder: 0
  m_LocalEulerAnglesHint: {x: 0, y: 0, z: 0}
--- !u!1 &865824673036885134
GameObject:
  m_ObjectHideFlags: 0
  m_CorrespondingSourceObject: {fileID: 0}
  m_PrefabInstance: {fileID: 0}
  m_PrefabAsset: {fileID: 0}
  serializedVersion: 6
  m_Component:
  - component: {fileID: 865824673037172974}
  m_Layer: 0
  m_Name: Wing_Front_R_06
  m_TagString: Untagged
  m_Icon: {fileID: 0}
  m_NavMeshLayer: 0
  m_StaticEditorFlags: 0
  m_IsActive: 1
--- !u!4 &865824673037172974
Transform:
  m_ObjectHideFlags: 0
  m_CorrespondingSourceObject: {fileID: 0}
  m_PrefabInstance: {fileID: 0}
  m_PrefabAsset: {fileID: 0}
  m_GameObject: {fileID: 865824673036885134}
  m_LocalRotation: {x: 0.2067213, y: -0.08475074, z: 0.20728831, w: 0.95242596}
  m_LocalPosition: {x: -0.33360374, y: -0.00000032100002, z: -0.0000001712}
  m_LocalScale: {x: 1, y: 1, z: 1}
  m_Children: []
  m_Father: {fileID: 865824673037172972}
  m_RootOrder: 0
  m_LocalEulerAnglesHint: {x: 0, y: 0, z: 0}
--- !u!1 &865824673036885184
GameObject:
  m_ObjectHideFlags: 0
  m_CorrespondingSourceObject: {fileID: 0}
  m_PrefabInstance: {fileID: 0}
  m_PrefabAsset: {fileID: 0}
  serializedVersion: 6
  m_Component:
  - component: {fileID: 865824673037173024}
  m_Layer: 0
  m_Name: Leg_Middle_R_Finger_B_02
  m_TagString: Untagged
  m_Icon: {fileID: 0}
  m_NavMeshLayer: 0
  m_StaticEditorFlags: 0
  m_IsActive: 1
--- !u!4 &865824673037173024
Transform:
  m_ObjectHideFlags: 0
  m_CorrespondingSourceObject: {fileID: 0}
  m_PrefabInstance: {fileID: 0}
  m_PrefabAsset: {fileID: 0}
  m_GameObject: {fileID: 865824673036885184}
  m_LocalRotation: {x: -0.12161283, y: -0.30038434, z: -0.4861144, w: 0.8115863}
  m_LocalPosition: {x: -0.14167082, y: 0.00000032100002, z: 0.0000000856}
  m_LocalScale: {x: 1.000001, y: 1, z: 0.999999}
  m_Children: []
  m_Father: {fileID: 865824673037173030}
  m_RootOrder: 0
  m_LocalEulerAnglesHint: {x: 0, y: 0, z: 0}
--- !u!1 &865824673036885186
GameObject:
  m_ObjectHideFlags: 0
  m_CorrespondingSourceObject: {fileID: 0}
  m_PrefabInstance: {fileID: 0}
  m_PrefabAsset: {fileID: 0}
  serializedVersion: 6
  m_Component:
  - component: {fileID: 865824673037173026}
  m_Layer: 0
  m_Name: Leg_Middle_R_Finger_F_01
  m_TagString: Untagged
  m_Icon: {fileID: 0}
  m_NavMeshLayer: 0
  m_StaticEditorFlags: 0
  m_IsActive: 1
--- !u!4 &865824673037173026
Transform:
  m_ObjectHideFlags: 0
  m_CorrespondingSourceObject: {fileID: 0}
  m_PrefabInstance: {fileID: 0}
  m_PrefabAsset: {fileID: 0}
  m_GameObject: {fileID: 865824673036885186}
  m_LocalRotation: {x: 0.24752054, y: 0.1882121, z: -0.3163438, w: 0.8962346}
  m_LocalPosition: {x: -0.18028495, y: 0.045448057, z: 0.19300002}
  m_LocalScale: {x: 0.999999, y: 1, z: 1.000002}
  m_Children:
  - {fileID: 865824673037173036}
  m_Father: {fileID: 865824673037173028}
  m_RootOrder: 1
  m_LocalEulerAnglesHint: {x: 0, y: 0, z: 0}
--- !u!1 &865824673036885188
GameObject:
  m_ObjectHideFlags: 0
  m_CorrespondingSourceObject: {fileID: 0}
  m_PrefabInstance: {fileID: 0}
  m_PrefabAsset: {fileID: 0}
  serializedVersion: 6
  m_Component:
  - component: {fileID: 865824673037173028}
  m_Layer: 0
  m_Name: Leg_Middle_R_06
  m_TagString: Untagged
  m_Icon: {fileID: 0}
  m_NavMeshLayer: 0
  m_StaticEditorFlags: 0
  m_IsActive: 1
--- !u!4 &865824673037173028
Transform:
  m_ObjectHideFlags: 0
  m_CorrespondingSourceObject: {fileID: 0}
  m_PrefabInstance: {fileID: 0}
  m_PrefabAsset: {fileID: 0}
  m_GameObject: {fileID: 865824673036885188}
  m_LocalRotation: {x: 0.888101, y: 0.21127805, z: -0.2335925, w: 0.33477256}
  m_LocalPosition: {x: -0.40411294, y: -0.036841087, z: 0.03366804}
  m_LocalScale: {x: 1.000001, y: 1, z: 0.999998}
  m_Children:
  - {fileID: 865824673037173030}
  - {fileID: 865824673037173026}
  m_Father: {fileID: 865824673037173018}
  m_RootOrder: 0
  m_LocalEulerAnglesHint: {x: 0, y: 0, z: 0}
--- !u!1 &865824673036885190
GameObject:
  m_ObjectHideFlags: 0
  m_CorrespondingSourceObject: {fileID: 0}
  m_PrefabInstance: {fileID: 0}
  m_PrefabAsset: {fileID: 0}
  serializedVersion: 6
  m_Component:
  - component: {fileID: 865824673037173030}
  m_Layer: 0
  m_Name: Leg_Middle_R_Finger_B_01
  m_TagString: Untagged
  m_Icon: {fileID: 0}
  m_NavMeshLayer: 0
  m_StaticEditorFlags: 0
  m_IsActive: 1
--- !u!4 &865824673037173030
Transform:
  m_ObjectHideFlags: 0
  m_CorrespondingSourceObject: {fileID: 0}
  m_PrefabInstance: {fileID: 0}
  m_PrefabAsset: {fileID: 0}
  m_GameObject: {fileID: 865824673036885190}
  m_LocalRotation: {x: 0.29186043, y: 0.16914825, z: -0.15166068, w: 0.92908853}
  m_LocalPosition: {x: -0.2694279, y: 0.0061822673, z: 0.024803884}
  m_LocalScale: {x: 1.000002, y: 1, z: 1.000001}
  m_Children:
  - {fileID: 865824673037173024}
  m_Father: {fileID: 865824673037173028}
  m_RootOrder: 0
  m_LocalEulerAnglesHint: {x: 0, y: 0, z: 0}
--- !u!1 &865824673036885192
GameObject:
  m_ObjectHideFlags: 0
  m_CorrespondingSourceObject: {fileID: 0}
  m_PrefabInstance: {fileID: 0}
  m_PrefabAsset: {fileID: 0}
  serializedVersion: 6
  m_Component:
  - component: {fileID: 865824673037173032}
  - component: {fileID: 865824673050480740}
  m_Layer: 0
  m_Name: polySurface13
  m_TagString: Untagged
  m_Icon: {fileID: 0}
  m_NavMeshLayer: 0
  m_StaticEditorFlags: 0
  m_IsActive: 1
--- !u!4 &865824673037173032
Transform:
  m_ObjectHideFlags: 0
  m_CorrespondingSourceObject: {fileID: 0}
  m_PrefabInstance: {fileID: 0}
  m_PrefabAsset: {fileID: 0}
  m_GameObject: {fileID: 865824673036885192}
  m_LocalRotation: {x: -0.7071068, y: 0, z: -0, w: 0.7071068}
  m_LocalPosition: {x: 0.0000077468, y: 2.444075, z: 0.15928699}
  m_LocalScale: {x: 1, y: 1, z: 1}
  m_Children: []
  m_Father: {fileID: 865824673037172934}
  m_RootOrder: 0
  m_LocalEulerAnglesHint: {x: 0, y: 0, z: 0}
--- !u!137 &865824673050480740
SkinnedMeshRenderer:
  m_ObjectHideFlags: 0
  m_CorrespondingSourceObject: {fileID: 0}
  m_PrefabInstance: {fileID: 0}
  m_PrefabAsset: {fileID: 0}
  m_GameObject: {fileID: 865824673036885192}
  m_Enabled: 1
  m_CastShadows: 1
  m_ReceiveShadows: 1
  m_DynamicOccludee: 1
  m_MotionVectors: 1
  m_LightProbeUsage: 1
  m_ReflectionProbeUsage: 1
  m_RenderingLayerMask: 1
  m_RendererPriority: 0
  m_Materials:
  - {fileID: 2100000, guid: e76998613eca96942a4e44bb2cb54c75, type: 2}
  m_StaticBatchInfo:
    firstSubMesh: 0
    subMeshCount: 0
  m_StaticBatchRoot: {fileID: 0}
  m_ProbeAnchor: {fileID: 0}
  m_LightProbeVolumeOverride: {fileID: 0}
  m_ScaleInLightmap: 1
  m_PreserveUVs: 0
  m_IgnoreNormalsForChartDetection: 0
  m_ImportantGI: 0
  m_StitchLightmapSeams: 0
  m_SelectedEditorRenderState: 3
  m_MinimumChartSize: 4
  m_AutoUVMaxDistance: 0.5
  m_AutoUVMaxAngle: 89
  m_LightmapParameters: {fileID: 0}
  m_SortingLayerID: 0
  m_SortingLayer: 0
  m_SortingOrder: 0
  serializedVersion: 2
  m_Quality: 0
  m_UpdateWhenOffscreen: 0
  m_SkinnedMotionVectors: 1
  m_Mesh: {fileID: 4300000, guid: 85f56b331abc5cb4d833cf53389f0abc, type: 3}
  m_Bones:
  - {fileID: 865824673037173072}
  - {fileID: 865824673037173040}
  - {fileID: 865824673037173070}
  - {fileID: 865824673037173060}
  - {fileID: 865824673037173046}
  - {fileID: 865824673037173110}
  - {fileID: 865824673037173064}
  - {fileID: 865824673037173066}
  - {fileID: 865824673037173076}
  - {fileID: 865824673037173078}
  - {fileID: 865824673037173094}
  - {fileID: 865824673037173062}
  - {fileID: 865824673037173056}
  - {fileID: 865824673037173058}
  - {fileID: 865824673037173068}
  - {fileID: 865824673037173038}
  - {fileID: 865824673037172928}
  - {fileID: 865824673037172936}
  - {fileID: 865824673037172964}
  - {fileID: 865824673037173044}
  - {fileID: 865824673037172944}
  - {fileID: 865824673037173074}
  - {fileID: 865824673037173042}
  - {fileID: 865824673037173080}
  - {fileID: 865824673037173052}
  - {fileID: 865824673037173054}
  - {fileID: 865824673037173048}
  - {fileID: 865824673037173050}
  - {fileID: 865824673037172932}
  - {fileID: 865824673037173104}
  - {fileID: 865824673037173106}
  - {fileID: 865824673037173116}
  - {fileID: 865824673037173118}
  - {fileID: 865824673037173114}
  - {fileID: 865824673037172996}
  - {fileID: 865824673037173112}
  - {fileID: 865824673037173084}
  - {fileID: 865824673037173086}
  - {fileID: 865824673037173088}
  - {fileID: 865824673037173090}
  - {fileID: 865824673037173100}
  - {fileID: 865824673037173098}
  - {fileID: 865824673037173102}
  - {fileID: 865824673037173096}
  - {fileID: 865824673037173108}
  - {fileID: 865824673037173000}
  - {fileID: 865824673037173002}
  - {fileID: 865824673037173012}
  - {fileID: 865824673037173014}
  - {fileID: 865824673037173008}
  - {fileID: 865824673037173006}
  - {fileID: 865824673037173004}
  - {fileID: 865824673037172994}
  - {fileID: 865824673037172992}
  - {fileID: 865824673037172998}
  - {fileID: 865824673037173082}
  - {fileID: 865824673037173092}
  - {fileID: 865824673037173028}
  - {fileID: 865824673037173030}
  - {fileID: 865824673037173024}
  - {fileID: 865824673037173026}
  - {fileID: 865824673037173036}
  - {fileID: 865824673037173018}
  - {fileID: 865824673037173016}
  - {fileID: 865824673037173022}
  - {fileID: 865824673037173020}
  - {fileID: 865824673037173010}
  - {fileID: 865824673037172966}
  - {fileID: 865824673037172946}
  - {fileID: 865824673037172950}
  - {fileID: 865824673037172948}
  - {fileID: 865824673037172938}
  - {fileID: 865824673037172974}
  - {fileID: 865824673037172972}
  - {fileID: 865824673037172962}
  - {fileID: 865824673037172960}
  - {fileID: 865824673037172942}
  - {fileID: 865824673037172940}
  - {fileID: 865824673037172930}
  - {fileID: 865824673037172954}
  - {fileID: 865824673037172952}
  - {fileID: 865824673037172958}
  - {fileID: 865824673037172956}
  m_BlendShapeWeights: []
  m_RootBone: {fileID: 865824673037173038}
  m_AABB:
    m_Center: {x: -0.023398817, y: 0.07946944, z: -0.0000039339066}
    m_Extent: {x: 1.706687, y: 2.1623986, z: 1.4161664}
  m_DirtyAABB: 0
--- !u!1 &865824673036885194
GameObject:
  m_ObjectHideFlags: 0
  m_CorrespondingSourceObject: {fileID: 0}
  m_PrefabInstance: {fileID: 0}
  m_PrefabAsset: {fileID: 0}
  serializedVersion: 6
  m_Component:
  - component: {fileID: 865824673037173034}
  m_Layer: 0
  m_Name: Root
  m_TagString: Untagged
  m_Icon: {fileID: 0}
  m_NavMeshLayer: 0
  m_StaticEditorFlags: 0
  m_IsActive: 1
--- !u!4 &865824673037173034
Transform:
  m_ObjectHideFlags: 0
  m_CorrespondingSourceObject: {fileID: 0}
  m_PrefabInstance: {fileID: 0}
  m_PrefabAsset: {fileID: 0}
  m_GameObject: {fileID: 865824673036885194}
  m_LocalRotation: {x: -0.00000013315805, y: 0, z: -0, w: 1}
  m_LocalPosition: {x: -0, y: 0, z: 0}
  m_LocalScale: {x: 1, y: 1, z: 1}
  m_Children:
  - {fileID: 865824673037173038}
  m_Father: {fileID: 865824673037172934}
  m_RootOrder: 1
  m_LocalEulerAnglesHint: {x: 0, y: 0, z: 0}
--- !u!1 &865824673036885196
GameObject:
  m_ObjectHideFlags: 0
  m_CorrespondingSourceObject: {fileID: 0}
  m_PrefabInstance: {fileID: 0}
  m_PrefabAsset: {fileID: 0}
  serializedVersion: 6
  m_Component:
  - component: {fileID: 865824673037173036}
  m_Layer: 0
  m_Name: Leg_Middle_R_Finger_F_02
  m_TagString: Untagged
  m_Icon: {fileID: 0}
  m_NavMeshLayer: 0
  m_StaticEditorFlags: 0
  m_IsActive: 1
--- !u!4 &865824673037173036
Transform:
  m_ObjectHideFlags: 0
  m_CorrespondingSourceObject: {fileID: 0}
  m_PrefabInstance: {fileID: 0}
  m_PrefabAsset: {fileID: 0}
  m_GameObject: {fileID: 865824673036885196}
  m_LocalRotation: {x: -0.03717808, y: -0.35954642, z: -0.46663374, w: 0.8072157}
  m_LocalPosition: {x: -0.16055569, y: -0.0000004066, z: 0.0000001284}
  m_LocalScale: {x: 1.000001, y: 0.999999, z: 1}
  m_Children: []
  m_Father: {fileID: 865824673037173026}
  m_RootOrder: 0
  m_LocalEulerAnglesHint: {x: 0, y: 0, z: 0}
--- !u!1 &865824673036885198
GameObject:
  m_ObjectHideFlags: 0
  m_CorrespondingSourceObject: {fileID: 0}
  m_PrefabInstance: {fileID: 0}
  m_PrefabAsset: {fileID: 0}
  serializedVersion: 6
  m_Component:
  - component: {fileID: 865824673037173038}
  m_Layer: 0
  m_Name: Pelvis
  m_TagString: Untagged
  m_Icon: {fileID: 0}
  m_NavMeshLayer: 0
  m_StaticEditorFlags: 0
  m_IsActive: 1
--- !u!4 &865824673037173038
Transform:
  m_ObjectHideFlags: 0
  m_CorrespondingSourceObject: {fileID: 0}
  m_PrefabInstance: {fileID: 0}
  m_PrefabAsset: {fileID: 0}
  m_GameObject: {fileID: 865824673036885198}
  m_LocalRotation: {x: 0.7068558, y: -0.018853027, z: -0.70685506, w: 0.018851992}
  m_LocalPosition: {x: -0, y: 2.6048176, z: -0.12586813}
  m_LocalScale: {x: 1, y: 1, z: 1}
  m_Children:
  - {fileID: 865824673037173074}
  - {fileID: 865824673037173080}
  - {fileID: 865824673037173044}
  - {fileID: 865824673037173042}
  - {fileID: 865824673037172928}
  - {fileID: 865824673037172936}
  m_Father: {fileID: 865824673037173034}
  m_RootOrder: 0
  m_LocalEulerAnglesHint: {x: 0, y: 0, z: 0}
--- !u!1 &865824673036885200
GameObject:
  m_ObjectHideFlags: 0
  m_CorrespondingSourceObject: {fileID: 0}
  m_PrefabInstance: {fileID: 0}
  m_PrefabAsset: {fileID: 0}
  serializedVersion: 6
  m_Component:
  - component: {fileID: 865824673037173040}
  m_Layer: 0
  m_Name: Spine_03
  m_TagString: Untagged
  m_Icon: {fileID: 0}
  m_NavMeshLayer: 0
  m_StaticEditorFlags: 0
  m_IsActive: 1
--- !u!4 &865824673037173040
Transform:
  m_ObjectHideFlags: 0
  m_CorrespondingSourceObject: {fileID: 0}
  m_PrefabInstance: {fileID: 0}
  m_PrefabAsset: {fileID: 0}
  m_GameObject: {fileID: 865824673036885200}
  m_LocalRotation: {x: 0, y: -0, z: -0.07924931, w: 0.99685484}
  m_LocalPosition: {x: -0.15879126, y: 0.00000049220006, z: 0}
  m_LocalScale: {x: 1, y: 1, z: 1}
  m_Children:
  - {fileID: 865824673037173072}
  - {fileID: 865824673037173094}
  - {fileID: 865824673037173110}
  m_Father: {fileID: 865824673037173046}
  m_RootOrder: 0
  m_LocalEulerAnglesHint: {x: 0, y: 0, z: 0}
--- !u!1 &865824673036885202
GameObject:
  m_ObjectHideFlags: 0
  m_CorrespondingSourceObject: {fileID: 0}
  m_PrefabInstance: {fileID: 0}
  m_PrefabAsset: {fileID: 0}
  serializedVersion: 6
  m_Component:
  - component: {fileID: 865824673037173042}
  m_Layer: 0
  m_Name: Tail_01
  m_TagString: Untagged
  m_Icon: {fileID: 0}
  m_NavMeshLayer: 0
  m_StaticEditorFlags: 0
  m_IsActive: 1
--- !u!4 &865824673037173042
Transform:
  m_ObjectHideFlags: 0
  m_CorrespondingSourceObject: {fileID: 0}
  m_PrefabInstance: {fileID: 0}
  m_PrefabAsset: {fileID: 0}
  m_GameObject: {fileID: 865824673036885202}
  m_LocalRotation: {x: -0.34903568, y: 0.9371094, z: -0.00000024956734, w: 0.000000092953826}
  m_LocalPosition: {x: 0.31602234, y: 0.047981672, z: -0.0000001284}
  m_LocalScale: {x: 1, y: 1, z: 1}
  m_Children:
  - {fileID: 865824673037173052}
  m_Father: {fileID: 865824673037173038}
  m_RootOrder: 3
  m_LocalEulerAnglesHint: {x: 0, y: 0, z: 0}
--- !u!1 &865824673036885204
GameObject:
  m_ObjectHideFlags: 0
  m_CorrespondingSourceObject: {fileID: 0}
  m_PrefabInstance: {fileID: 0}
  m_PrefabAsset: {fileID: 0}
  serializedVersion: 6
  m_Component:
  - component: {fileID: 865824673037173044}
  m_Layer: 0
  m_Name: Spine_01
  m_TagString: Untagged
  m_Icon: {fileID: 0}
  m_NavMeshLayer: 0
  m_StaticEditorFlags: 0
  m_IsActive: 1
--- !u!4 &865824673037173044
Transform:
  m_ObjectHideFlags: 0
  m_CorrespondingSourceObject: {fileID: 0}
  m_PrefabInstance: {fileID: 0}
  m_PrefabAsset: {fileID: 0}
  m_GameObject: {fileID: 865824673036885204}
  m_LocalRotation: {x: 0, y: -0, z: -0.05105829, w: 0.9986957}
  m_LocalPosition: {x: -0.20595495, y: -0.00000032100002, z: 0.0000001284}
  m_LocalScale: {x: 1, y: 1, z: 1}
  m_Children:
  - {fileID: 865824673037172998}
  - {fileID: 865824673037173010}
  - {fileID: 865824673037173046}
  - {fileID: 865824673037172944}
  - {fileID: 865824673037172964}
  m_Father: {fileID: 865824673037173038}
  m_RootOrder: 2
  m_LocalEulerAnglesHint: {x: 0, y: 0, z: 0}
--- !u!1 &865824673036885206
GameObject:
  m_ObjectHideFlags: 0
  m_CorrespondingSourceObject: {fileID: 0}
  m_PrefabInstance: {fileID: 0}
  m_PrefabAsset: {fileID: 0}
  serializedVersion: 6
  m_Component:
  - component: {fileID: 865824673037173046}
  m_Layer: 0
  m_Name: Spine_02
  m_TagString: Untagged
  m_Icon: {fileID: 0}
  m_NavMeshLayer: 0
  m_StaticEditorFlags: 0
  m_IsActive: 1
--- !u!4 &865824673037173046
Transform:
  m_ObjectHideFlags: 0
  m_CorrespondingSourceObject: {fileID: 0}
  m_PrefabInstance: {fileID: 0}
  m_PrefabAsset: {fileID: 0}
  m_GameObject: {fileID: 865824673036885206}
  m_LocalRotation: {x: -0.000000037014047, y: -0.0000009993148, z: -0.037014045, w: 0.9993148}
  m_LocalPosition: {x: -0.1797951, y: 0.0000001712, z: -0.0000000428}
  m_LocalScale: {x: 1, y: 1.000001, z: 1}
  m_Children:
  - {fileID: 865824673037173040}
  m_Father: {fileID: 865824673037173044}
  m_RootOrder: 2
  m_LocalEulerAnglesHint: {x: 0, y: 0, z: 0}
--- !u!1 &865824673036885208
GameObject:
  m_ObjectHideFlags: 0
  m_CorrespondingSourceObject: {fileID: 0}
  m_PrefabInstance: {fileID: 0}
  m_PrefabAsset: {fileID: 0}
  serializedVersion: 6
  m_Component:
  - component: {fileID: 865824673037173048}
  m_Layer: 0
  m_Name: Tail_04
  m_TagString: Untagged
  m_Icon: {fileID: 0}
  m_NavMeshLayer: 0
  m_StaticEditorFlags: 0
  m_IsActive: 1
--- !u!4 &865824673037173048
Transform:
  m_ObjectHideFlags: 0
  m_CorrespondingSourceObject: {fileID: 0}
  m_PrefabInstance: {fileID: 0}
  m_PrefabAsset: {fileID: 0}
  m_GameObject: {fileID: 865824673036885208}
  m_LocalRotation: {x: 0, y: -0, z: -0.14130697, w: 0.98996586}
  m_LocalPosition: {x: -0.4938812, y: -0.0000001712, z: 0.0000001498}
  m_LocalScale: {x: 1, y: 1, z: 1}
  m_Children:
  - {fileID: 865824673037173050}
  m_Father: {fileID: 865824673037173054}
  m_RootOrder: 0
  m_LocalEulerAnglesHint: {x: 0, y: 0, z: 0}
--- !u!1 &865824673036885210
GameObject:
  m_ObjectHideFlags: 0
  m_CorrespondingSourceObject: {fileID: 0}
  m_PrefabInstance: {fileID: 0}
  m_PrefabAsset: {fileID: 0}
  serializedVersion: 6
  m_Component:
  - component: {fileID: 865824673037173050}
  m_Layer: 0
  m_Name: Tail_05
  m_TagString: Untagged
  m_Icon: {fileID: 0}
  m_NavMeshLayer: 0
  m_StaticEditorFlags: 0
  m_IsActive: 1
--- !u!4 &865824673037173050
Transform:
  m_ObjectHideFlags: 0
  m_CorrespondingSourceObject: {fileID: 0}
  m_PrefabInstance: {fileID: 0}
  m_PrefabAsset: {fileID: 0}
  m_GameObject: {fileID: 865824673036885210}
  m_LocalRotation: {x: 0, y: -0, z: -0.23688857, w: 0.9715369}
  m_LocalPosition: {x: -0.48667485, y: -0.00000023540001, z: -0.0000001498}
  m_LocalScale: {x: 1, y: 1, z: 1}
  m_Children:
  - {fileID: 865824673037172932}
  m_Father: {fileID: 865824673037173048}
  m_RootOrder: 0
  m_LocalEulerAnglesHint: {x: 0, y: 0, z: 0}
--- !u!1 &865824673036885212
GameObject:
  m_ObjectHideFlags: 0
  m_CorrespondingSourceObject: {fileID: 0}
  m_PrefabInstance: {fileID: 0}
  m_PrefabAsset: {fileID: 0}
  serializedVersion: 6
  m_Component:
  - component: {fileID: 865824673037173052}
  m_Layer: 0
  m_Name: Tail_02
  m_TagString: Untagged
  m_Icon: {fileID: 0}
  m_NavMeshLayer: 0
  m_StaticEditorFlags: 0
  m_IsActive: 1
--- !u!4 &865824673037173052
Transform:
  m_ObjectHideFlags: 0
  m_CorrespondingSourceObject: {fileID: 0}
  m_PrefabInstance: {fileID: 0}
  m_PrefabAsset: {fileID: 0}
  m_GameObject: {fileID: 865824673036885212}
  m_LocalRotation: {x: -0.00000018457885, y: -0.00000046468338, z: -0.3691577, w: 0.92936677}
  m_LocalPosition: {x: -0.39449543, y: 0.0000001712, z: 0.0000001498}
  m_LocalScale: {x: 1, y: 1, z: 1}
  m_Children:
  - {fileID: 865824673037173054}
  m_Father: {fileID: 865824673037173042}
  m_RootOrder: 0
  m_LocalEulerAnglesHint: {x: 0, y: 0, z: 0}
--- !u!1 &865824673036885214
GameObject:
  m_ObjectHideFlags: 0
  m_CorrespondingSourceObject: {fileID: 0}
  m_PrefabInstance: {fileID: 0}
  m_PrefabAsset: {fileID: 0}
  serializedVersion: 6
  m_Component:
  - component: {fileID: 865824673037173054}
  m_Layer: 0
  m_Name: Tail_03
  m_TagString: Untagged
  m_Icon: {fileID: 0}
  m_NavMeshLayer: 0
  m_StaticEditorFlags: 0
  m_IsActive: 1
--- !u!4 &865824673037173054
Transform:
  m_ObjectHideFlags: 0
  m_CorrespondingSourceObject: {fileID: 0}
  m_PrefabInstance: {fileID: 0}
  m_PrefabAsset: {fileID: 0}
  m_GameObject: {fileID: 865824673036885214}
  m_LocalRotation: {x: 0, y: -0, z: -0.20486866, w: 0.9787895}
  m_LocalPosition: {x: -0.49196082, y: 0.0000001712, z: 0.0000000214}
  m_LocalScale: {x: 0.999999, y: 1, z: 1}
  m_Children:
  - {fileID: 865824673037173048}
  m_Father: {fileID: 865824673037173052}
  m_RootOrder: 0
  m_LocalEulerAnglesHint: {x: 0, y: 0, z: 0}
--- !u!1 &865824673036885216
GameObject:
  m_ObjectHideFlags: 0
  m_CorrespondingSourceObject: {fileID: 0}
  m_PrefabInstance: {fileID: 0}
  m_PrefabAsset: {fileID: 0}
  serializedVersion: 6
  m_Component:
  - component: {fileID: 865824673037172928}
  m_Layer: 0
  m_Name: Wing_Back_L_01
  m_TagString: Untagged
  m_Icon: {fileID: 0}
  m_NavMeshLayer: 0
  m_StaticEditorFlags: 0
  m_IsActive: 1
--- !u!4 &865824673037172928
Transform:
  m_ObjectHideFlags: 0
  m_CorrespondingSourceObject: {fileID: 0}
  m_PrefabInstance: {fileID: 0}
  m_PrefabAsset: {fileID: 0}
  m_GameObject: {fileID: 865824673036885216}
  m_LocalRotation: {x: -0.090674706, y: -0.14408515, z: -0.39495832, w: 0.9027876}
  m_LocalPosition: {x: 0.07377355, y: -0.05403209, z: 0.17255896}
  m_LocalScale: {x: 1, y: 1.000001, z: 1.000001}
  m_Children:
  - {fileID: 865824673037172930}
  m_Father: {fileID: 865824673037173038}
  m_RootOrder: 4
  m_LocalEulerAnglesHint: {x: 0, y: 0, z: 0}
--- !u!1 &865824673036885218
GameObject:
  m_ObjectHideFlags: 0
  m_CorrespondingSourceObject: {fileID: 0}
  m_PrefabInstance: {fileID: 0}
  m_PrefabAsset: {fileID: 0}
  serializedVersion: 6
  m_Component:
  - component: {fileID: 865824673037172930}
  m_Layer: 0
  m_Name: Wing_Back_L_02
  m_TagString: Untagged
  m_Icon: {fileID: 0}
  m_NavMeshLayer: 0
  m_StaticEditorFlags: 0
  m_IsActive: 1
--- !u!4 &865824673037172930
Transform:
  m_ObjectHideFlags: 0
  m_CorrespondingSourceObject: {fileID: 0}
  m_PrefabInstance: {fileID: 0}
  m_PrefabAsset: {fileID: 0}
  m_GameObject: {fileID: 865824673036885218}
  m_LocalRotation: {x: 0.03595193, y: -0.15517676, z: 0.027539708, w: 0.9868481}
  m_LocalPosition: {x: 0.39677873, y: -0.020677537, z: 0.053239267}
  m_LocalScale: {x: 1, y: 0.999999, z: 1}
  m_Children:
  - {fileID: 865824673037172940}
  m_Father: {fileID: 865824673037172928}
  m_RootOrder: 0
  m_LocalEulerAnglesHint: {x: 0, y: 0, z: 0}
--- !u!1 &865824673036885220
GameObject:
  m_ObjectHideFlags: 0
  m_CorrespondingSourceObject: {fileID: 0}
  m_PrefabInstance: {fileID: 0}
  m_PrefabAsset: {fileID: 0}
  serializedVersion: 6
  m_Component:
  - component: {fileID: 865824673037172932}
  m_Layer: 0
  m_Name: Tail_06
  m_TagString: Untagged
  m_Icon: {fileID: 0}
  m_NavMeshLayer: 0
  m_StaticEditorFlags: 0
  m_IsActive: 1
--- !u!4 &865824673037172932
Transform:
  m_ObjectHideFlags: 0
  m_CorrespondingSourceObject: {fileID: 0}
  m_PrefabInstance: {fileID: 0}
  m_PrefabAsset: {fileID: 0}
  m_GameObject: {fileID: 865824673036885220}
  m_LocalRotation: {x: 0, y: -0, z: -0.1554125, w: 0.98784965}
  m_LocalPosition: {x: -0.344791, y: -0.0000004066, z: -0.0000001284}
  m_LocalScale: {x: 1, y: 1, z: 1}
  m_Children: []
  m_Father: {fileID: 865824673037173050}
  m_RootOrder: 0
  m_LocalEulerAnglesHint: {x: 0, y: 0, z: 0}
--- !u!1 &865824673036885222
GameObject:
  m_ObjectHideFlags: 0
  m_CorrespondingSourceObject: {fileID: 0}
  m_PrefabInstance: {fileID: 0}
  m_PrefabAsset: {fileID: 0}
  serializedVersion: 6
  m_Component:
  - component: {fileID: 865824673037172934}
  - component: {fileID: 865824673046245028}
  m_Layer: 0
  m_Name: Wasp_Yellow
  m_TagString: Untagged
  m_Icon: {fileID: 0}
  m_NavMeshLayer: 0
  m_StaticEditorFlags: 0
  m_IsActive: 1
--- !u!4 &865824673037172934
Transform:
  m_ObjectHideFlags: 0
  m_CorrespondingSourceObject: {fileID: 0}
  m_PrefabInstance: {fileID: 0}
  m_PrefabAsset: {fileID: 0}
  m_GameObject: {fileID: 865824673036885222}
  m_LocalRotation: {x: 0, y: 0, z: 0, w: 1}
  m_LocalPosition: {x: 0, y: 0, z: 0}
  m_LocalScale: {x: 1, y: 1, z: 1}
  m_Children:
  - {fileID: 865824673037173032}
  - {fileID: 865824673037173034}
  m_Father: {fileID: 0}
  m_RootOrder: 0
  m_LocalEulerAnglesHint: {x: 0, y: 0, z: 0}
--- !u!95 &865824673046245028
Animator:
  serializedVersion: 3
  m_ObjectHideFlags: 0
  m_CorrespondingSourceObject: {fileID: 0}
  m_PrefabInstance: {fileID: 0}
  m_PrefabAsset: {fileID: 0}
  m_GameObject: {fileID: 865824673036885222}
  m_Enabled: 1
  m_Avatar: {fileID: 9000000, guid: 85f56b331abc5cb4d833cf53389f0abc, type: 3}
  m_Controller: {fileID: 9100000, guid: 894e44f11aae4ca4696064bf67e2acc3, type: 2}
  m_CullingMode: 1
  m_UpdateMode: 0
  m_ApplyRootMotion: 0
  m_LinearVelocityBlending: 0
  m_WarningMessage: 
  m_HasTransformHierarchy: 1
  m_AllowConstantClipSamplingOptimization: 1
  m_KeepAnimatorControllerStateOnDisable: 0
--- !u!1 &865824673036885224
GameObject:
  m_ObjectHideFlags: 0
  m_CorrespondingSourceObject: {fileID: 0}
  m_PrefabInstance: {fileID: 0}
  m_PrefabAsset: {fileID: 0}
  serializedVersion: 6
  m_Component:
  - component: {fileID: 865824673037172936}
  m_Layer: 0
  m_Name: Wing_Back_R_01
  m_TagString: Untagged
  m_Icon: {fileID: 0}
  m_NavMeshLayer: 0
  m_StaticEditorFlags: 0
  m_IsActive: 1
--- !u!4 &865824673037172936
Transform:
  m_ObjectHideFlags: 0
  m_CorrespondingSourceObject: {fileID: 0}
  m_PrefabInstance: {fileID: 0}
  m_PrefabAsset: {fileID: 0}
  m_GameObject: {fileID: 865824673036885224}
  m_LocalRotation: {x: 0.14408466, y: -0.09067457, z: 0.90278757, w: 0.39495865}
  m_LocalPosition: {x: 0.073773526, y: -0.05403209, z: -0.17255886}
  m_LocalScale: {x: 1, y: 1.000001, z: 1}
  m_Children:
  - {fileID: 865824673037172938}
  m_Father: {fileID: 865824673037173038}
  m_RootOrder: 5
  m_LocalEulerAnglesHint: {x: 0, y: 0, z: 0}
--- !u!1 &865824673036885226
GameObject:
  m_ObjectHideFlags: 0
  m_CorrespondingSourceObject: {fileID: 0}
  m_PrefabInstance: {fileID: 0}
  m_PrefabAsset: {fileID: 0}
  serializedVersion: 6
  m_Component:
  - component: {fileID: 865824673037172938}
  m_Layer: 0
  m_Name: Wing_Back_R_02
  m_TagString: Untagged
  m_Icon: {fileID: 0}
  m_NavMeshLayer: 0
  m_StaticEditorFlags: 0
  m_IsActive: 1
--- !u!4 &865824673037172938
Transform:
  m_ObjectHideFlags: 0
  m_CorrespondingSourceObject: {fileID: 0}
  m_PrefabInstance: {fileID: 0}
  m_PrefabAsset: {fileID: 0}
  m_GameObject: {fileID: 865824673036885226}
  m_LocalRotation: {x: 0.03595243, y: -0.15517674, z: 0.027539784, w: 0.9868481}
  m_LocalPosition: {x: -0.39677873, y: 0.020676725, z: -0.053239845}
  m_LocalScale: {x: 1.000001, y: 0.999999, z: 1}
  m_Children:
  - {fileID: 865824673037172948}
  m_Father: {fileID: 865824673037172936}
  m_RootOrder: 0
  m_LocalEulerAnglesHint: {x: 0, y: 0, z: 0}
--- !u!1 &865824673036885228
GameObject:
  m_ObjectHideFlags: 0
  m_CorrespondingSourceObject: {fileID: 0}
  m_PrefabInstance: {fileID: 0}
  m_PrefabAsset: {fileID: 0}
  serializedVersion: 6
  m_Component:
  - component: {fileID: 865824673037172940}
  m_Layer: 0
  m_Name: Wing_Back_L_03
  m_TagString: Untagged
  m_Icon: {fileID: 0}
  m_NavMeshLayer: 0
  m_StaticEditorFlags: 0
  m_IsActive: 1
--- !u!4 &865824673037172940
Transform:
  m_ObjectHideFlags: 0
  m_CorrespondingSourceObject: {fileID: 0}
  m_PrefabInstance: {fileID: 0}
  m_PrefabAsset: {fileID: 0}
  m_GameObject: {fileID: 865824673036885228}
  m_LocalRotation: {x: 0.44288722, y: -0.06281455, z: 0.40495476, w: 0.79744405}
  m_LocalPosition: {x: 0.3551497, y: -0.00000066340004, z: -0.00000023540001}
  m_LocalScale: {x: 1, y: 1, z: 1}
  m_Children:
  - {fileID: 865824673037172942}
  m_Father: {fileID: 865824673037172930}
  m_RootOrder: 0
  m_LocalEulerAnglesHint: {x: 0, y: 0, z: 0}
--- !u!1 &865824673036885230
GameObject:
  m_ObjectHideFlags: 0
  m_CorrespondingSourceObject: {fileID: 0}
  m_PrefabInstance: {fileID: 0}
  m_PrefabAsset: {fileID: 0}
  serializedVersion: 6
  m_Component:
  - component: {fileID: 865824673037172942}
  m_Layer: 0
  m_Name: Wing_Back_L_04
  m_TagString: Untagged
  m_Icon: {fileID: 0}
  m_NavMeshLayer: 0
  m_StaticEditorFlags: 0
  m_IsActive: 1
--- !u!4 &865824673037172942
Transform:
  m_ObjectHideFlags: 0
  m_CorrespondingSourceObject: {fileID: 0}
  m_PrefabInstance: {fileID: 0}
  m_PrefabAsset: {fileID: 0}
  m_GameObject: {fileID: 865824673036885230}
  m_LocalRotation: {x: 0.01466378, y: 0.031508964, z: 0.07742199, w: 0.9963925}
  m_LocalPosition: {x: 0.39070228, y: -0.072985835, z: 0.03185493}
  m_LocalScale: {x: 1, y: 1, z: 0.999999}
  m_Children: []
  m_Father: {fileID: 865824673037172940}
  m_RootOrder: 0
  m_LocalEulerAnglesHint: {x: 0, y: 0, z: 0}
--- !u!1 &865824673036885232
GameObject:
  m_ObjectHideFlags: 0
  m_CorrespondingSourceObject: {fileID: 0}
  m_PrefabInstance: {fileID: 0}
  m_PrefabAsset: {fileID: 0}
  serializedVersion: 6
  m_Component:
  - component: {fileID: 865824673037172944}
  m_Layer: 0
  m_Name: Wing_Front_L_01
  m_TagString: Untagged
  m_Icon: {fileID: 0}
  m_NavMeshLayer: 0
  m_StaticEditorFlags: 0
  m_IsActive: 1
--- !u!4 &865824673037172944
Transform:
  m_ObjectHideFlags: 0
  m_CorrespondingSourceObject: {fileID: 0}
  m_PrefabInstance: {fileID: 0}
  m_PrefabAsset: {fileID: 0}
  m_GameObject: {fileID: 865824673036885232}
  m_LocalRotation: {x: -0.0043669906, y: -0.00908494, z: -0.31632286, w: 0.9485981}
  m_LocalPosition: {x: 0.083253175, y: -0.06515235, z: 0.22918552}
  m_LocalScale: {x: 1, y: 1.000001, z: 1}
  m_Children:
  - {fileID: 865824673037172946}
  m_Father: {fileID: 865824673037173044}
  m_RootOrder: 3
  m_LocalEulerAnglesHint: {x: 0, y: 0, z: 0}
--- !u!1 &865824673036885234
GameObject:
  m_ObjectHideFlags: 0
  m_CorrespondingSourceObject: {fileID: 0}
  m_PrefabInstance: {fileID: 0}
  m_PrefabAsset: {fileID: 0}
  serializedVersion: 6
  m_Component:
  - component: {fileID: 865824673037172946}
  m_Layer: 0
  m_Name: Wing_Front_L_02
  m_TagString: Untagged
  m_Icon: {fileID: 0}
  m_NavMeshLayer: 0
  m_StaticEditorFlags: 0
  m_IsActive: 1
--- !u!4 &865824673037172946
Transform:
  m_ObjectHideFlags: 0
  m_CorrespondingSourceObject: {fileID: 0}
  m_PrefabInstance: {fileID: 0}
  m_PrefabAsset: {fileID: 0}
  m_GameObject: {fileID: 865824673036885234}
  m_LocalRotation: {x: 0.005213624, y: -0.06804445, z: -0.30117777, w: 0.9511229}
  m_LocalPosition: {x: 0.1963312, y: -0.00000032100002, z: 0.00000019260001}
  m_LocalScale: {x: 1, y: 1.000001, z: 1.000001}
  m_Children:
  - {fileID: 865824673037172956}
  m_Father: {fileID: 865824673037172944}
  m_RootOrder: 0
  m_LocalEulerAnglesHint: {x: 0, y: 0, z: 0}
--- !u!1 &865824673036885236
GameObject:
  m_ObjectHideFlags: 0
  m_CorrespondingSourceObject: {fileID: 0}
  m_PrefabInstance: {fileID: 0}
  m_PrefabAsset: {fileID: 0}
  serializedVersion: 6
  m_Component:
  - component: {fileID: 865824673037172948}
  m_Layer: 0
  m_Name: Wing_Back_R_03
  m_TagString: Untagged
  m_Icon: {fileID: 0}
  m_NavMeshLayer: 0
  m_StaticEditorFlags: 0
  m_IsActive: 1
--- !u!4 &865824673037172948
Transform:
  m_ObjectHideFlags: 0
  m_CorrespondingSourceObject: {fileID: 0}
  m_PrefabInstance: {fileID: 0}
  m_PrefabAsset: {fileID: 0}
  m_GameObject: {fileID: 865824673036885236}
  m_LocalRotation: {x: 0.44288722, y: -0.06281455, z: 0.40495476, w: 0.79744405}
  m_LocalPosition: {x: -0.35514936, y: -0.0000001712, z: -0.0000001712}
  m_LocalScale: {x: 1.000001, y: 1, z: 1}
  m_Children:
  - {fileID: 865824673037172950}
  m_Father: {fileID: 865824673037172938}
  m_RootOrder: 0
  m_LocalEulerAnglesHint: {x: 0, y: 0, z: 0}
--- !u!1 &865824673036885238
GameObject:
  m_ObjectHideFlags: 0
  m_CorrespondingSourceObject: {fileID: 0}
  m_PrefabInstance: {fileID: 0}
  m_PrefabAsset: {fileID: 0}
  serializedVersion: 6
  m_Component:
  - component: {fileID: 865824673037172950}
  m_Layer: 0
  m_Name: Wing_Back_R_04
  m_TagString: Untagged
  m_Icon: {fileID: 0}
  m_NavMeshLayer: 0
  m_StaticEditorFlags: 0
  m_IsActive: 1
--- !u!4 &865824673037172950
Transform:
  m_ObjectHideFlags: 0
  m_CorrespondingSourceObject: {fileID: 0}
  m_PrefabInstance: {fileID: 0}
  m_PrefabAsset: {fileID: 0}
  m_GameObject: {fileID: 865824673036885238}
  m_LocalRotation: {x: 0.0146642765, y: 0.031509005, z: 0.07742197, w: 0.9963925}
  m_LocalPosition: {x: -0.39070332, y: 0.07298421, z: -0.03185478}
  m_LocalScale: {x: 1, y: 1.000001, z: 0.999999}
  m_Children: []
  m_Father: {fileID: 865824673037172948}
  m_RootOrder: 0
  m_LocalEulerAnglesHint: {x: 0, y: 0, z: 0}
--- !u!1 &865824673036885240
GameObject:
  m_ObjectHideFlags: 0
  m_CorrespondingSourceObject: {fileID: 0}
  m_PrefabInstance: {fileID: 0}
  m_PrefabAsset: {fileID: 0}
  serializedVersion: 6
  m_Component:
  - component: {fileID: 865824673037172952}
  m_Layer: 0
  m_Name: Wing_Front_L_05
  m_TagString: Untagged
  m_Icon: {fileID: 0}
  m_NavMeshLayer: 0
  m_StaticEditorFlags: 0
  m_IsActive: 1
--- !u!4 &865824673037172952
Transform:
  m_ObjectHideFlags: 0
  m_CorrespondingSourceObject: {fileID: 0}
  m_PrefabInstance: {fileID: 0}
  m_PrefabAsset: {fileID: 0}
  m_GameObject: {fileID: 865824673036885240}
  m_LocalRotation: {x: -0.082927026, y: 0.0598156, z: -0.12597558, w: 0.9867499}
  m_LocalPosition: {x: 0.2755869, y: -0.00000066340004, z: -0.0000001712}
  m_LocalScale: {x: 0.999999, y: 1.000001, z: 1}
  m_Children:
  - {fileID: 865824673037172954}
  m_Father: {fileID: 865824673037172958}
  m_RootOrder: 0
  m_LocalEulerAnglesHint: {x: 0, y: 0, z: 0}
--- !u!1 &865824673036885242
GameObject:
  m_ObjectHideFlags: 0
  m_CorrespondingSourceObject: {fileID: 0}
  m_PrefabInstance: {fileID: 0}
  m_PrefabAsset: {fileID: 0}
  serializedVersion: 6
  m_Component:
  - component: {fileID: 865824673037172954}
  m_Layer: 0
  m_Name: Wing_Front_L_06
  m_TagString: Untagged
  m_Icon: {fileID: 0}
  m_NavMeshLayer: 0
  m_StaticEditorFlags: 0
  m_IsActive: 1
--- !u!4 &865824673037172954
Transform:
  m_ObjectHideFlags: 0
  m_CorrespondingSourceObject: {fileID: 0}
  m_PrefabInstance: {fileID: 0}
  m_PrefabAsset: {fileID: 0}
  m_GameObject: {fileID: 865824673036885242}
  m_LocalRotation: {x: 0.2067213, y: -0.08475074, z: 0.20728831, w: 0.95242596}
  m_LocalPosition: {x: 0.33360535, y: 0.0000001712, z: 0.00000049220006}
  m_LocalScale: {x: 0.999999, y: 1, z: 1}
  m_Children: []
  m_Father: {fileID: 865824673037172952}
  m_RootOrder: 0
  m_LocalEulerAnglesHint: {x: 0, y: 0, z: 0}
--- !u!1 &865824673036885244
GameObject:
  m_ObjectHideFlags: 0
  m_CorrespondingSourceObject: {fileID: 0}
  m_PrefabInstance: {fileID: 0}
  m_PrefabAsset: {fileID: 0}
  serializedVersion: 6
  m_Component:
  - component: {fileID: 865824673037172956}
  m_Layer: 0
  m_Name: Wing_Front_L_03
  m_TagString: Untagged
  m_Icon: {fileID: 0}
  m_NavMeshLayer: 0
  m_StaticEditorFlags: 0
  m_IsActive: 1
--- !u!4 &865824673037172956
Transform:
  m_ObjectHideFlags: 0
  m_CorrespondingSourceObject: {fileID: 0}
  m_PrefabInstance: {fileID: 0}
  m_PrefabAsset: {fileID: 0}
  m_GameObject: {fileID: 865824673036885244}
  m_LocalRotation: {x: 0.026808158, y: -0.037572112, z: 0.015876992, w: 0.9988081}
  m_LocalPosition: {x: 0.53122264, y: 0.0000000856, z: 0.0000004066}
  m_LocalScale: {x: 1.000001, y: 1, z: 1}
  m_Children:
  - {fileID: 865824673037172958}
  m_Father: {fileID: 865824673037172946}
  m_RootOrder: 0
  m_LocalEulerAnglesHint: {x: 0, y: 0, z: 0}
--- !u!1 &865824673036885246
GameObject:
  m_ObjectHideFlags: 0
  m_CorrespondingSourceObject: {fileID: 0}
  m_PrefabInstance: {fileID: 0}
  m_PrefabAsset: {fileID: 0}
  serializedVersion: 6
  m_Component:
  - component: {fileID: 865824673037172958}
  m_Layer: 0
  m_Name: Wing_Front_L_04
  m_TagString: Untagged
  m_Icon: {fileID: 0}
  m_NavMeshLayer: 0
  m_StaticEditorFlags: 0
  m_IsActive: 1
--- !u!4 &865824673037172958
Transform:
  m_ObjectHideFlags: 0
  m_CorrespondingSourceObject: {fileID: 0}
  m_PrefabInstance: {fileID: 0}
  m_PrefabAsset: {fileID: 0}
  m_GameObject: {fileID: 865824673036885246}
  m_LocalRotation: {x: 0.1216122, y: -0.24220994, z: 0.38251674, w: 0.88330394}
  m_LocalPosition: {x: 0.5940316, y: 0.05389663, z: 0.038980894}
  m_LocalScale: {x: 1.000001, y: 1, z: 1}
  m_Children:
  - {fileID: 865824673037172952}
  m_Father: {fileID: 865824673037172956}
  m_RootOrder: 0
  m_LocalEulerAnglesHint: {x: 0, y: 0, z: 0}
--- !u!1 &865824673036885248
GameObject:
  m_ObjectHideFlags: 0
  m_CorrespondingSourceObject: {fileID: 0}
  m_PrefabInstance: {fileID: 0}
  m_PrefabAsset: {fileID: 0}
  serializedVersion: 6
  m_Component:
  - component: {fileID: 865824673037173088}
  m_Layer: 0
  m_Name: Leg_Front_L_02
  m_TagString: Untagged
  m_Icon: {fileID: 0}
  m_NavMeshLayer: 0
  m_StaticEditorFlags: 0
  m_IsActive: 1
--- !u!4 &865824673037173088
Transform:
  m_ObjectHideFlags: 0
  m_CorrespondingSourceObject: {fileID: 0}
  m_PrefabInstance: {fileID: 0}
  m_PrefabAsset: {fileID: 0}
  m_GameObject: {fileID: 865824673036885248}
  m_LocalRotation: {x: -0.08672808, y: -0.43385583, z: 0.17579202, w: 0.87940013}
  m_LocalPosition: {x: 0.34569675, y: -0.00000032100002, z: -0.00000066340004}
  m_LocalScale: {x: 1.000001, y: 1, z: 1}
  m_Children:
  - {fileID: 865824673037173090}
  m_Father: {fileID: 865824673037173094}
  m_RootOrder: 0
  m_LocalEulerAnglesHint: {x: 0, y: 0, z: 0}
--- !u!1 &865824673036885250
GameObject:
  m_ObjectHideFlags: 0
  m_CorrespondingSourceObject: {fileID: 0}
  m_PrefabInstance: {fileID: 0}
  m_PrefabAsset: {fileID: 0}
  serializedVersion: 6
  m_Component:
  - component: {fileID: 865824673037173090}
  m_Layer: 0
  m_Name: Leg_Front_L_03
  m_TagString: Untagged
  m_Icon: {fileID: 0}
  m_NavMeshLayer: 0
  m_StaticEditorFlags: 0
  m_IsActive: 1
--- !u!4 &865824673037173090
Transform:
  m_ObjectHideFlags: 0
  m_CorrespondingSourceObject: {fileID: 0}
  m_PrefabInstance: {fileID: 0}
  m_PrefabAsset: {fileID: 0}
  m_GameObject: {fileID: 865824673036885250}
  m_LocalRotation: {x: -0.7259948, y: -0.10666258, z: 0.123915866, w: 0.6679817}
  m_LocalPosition: {x: 0.1265691, y: 0.028832907, z: 0.24615137}
  m_LocalScale: {x: 0.999999, y: 1.000001, z: 1.000001}
  m_Children:
  - {fileID: 865824673037173100}
  m_Father: {fileID: 865824673037173088}
  m_RootOrder: 0
  m_LocalEulerAnglesHint: {x: 0, y: 0, z: 0}
--- !u!1 &865824673036885252
GameObject:
  m_ObjectHideFlags: 0
  m_CorrespondingSourceObject: {fileID: 0}
  m_PrefabInstance: {fileID: 0}
  m_PrefabAsset: {fileID: 0}
  serializedVersion: 6
  m_Component:
  - component: {fileID: 865824673037173092}
  m_Layer: 0
  m_Name: Leg_Back_R_03
  m_TagString: Untagged
  m_Icon: {fileID: 0}
  m_NavMeshLayer: 0
  m_StaticEditorFlags: 0
  m_IsActive: 1
--- !u!4 &865824673037173092
Transform:
  m_ObjectHideFlags: 0
  m_CorrespondingSourceObject: {fileID: 0}
  m_PrefabInstance: {fileID: 0}
  m_PrefabAsset: {fileID: 0}
  m_GameObject: {fileID: 865824673036885252}
  m_LocalRotation: {x: -0.54642874, y: 0.8304914, z: -0.08125712, w: -0.07139295}
  m_LocalPosition: {x: -0.22526018, y: -0.004242636, z: -0.0000001712}
  m_LocalScale: {x: 1, y: 1.000001, z: 1}
  m_Children: []
  m_Father: {fileID: 865824673037173082}
  m_RootOrder: 0
  m_LocalEulerAnglesHint: {x: 0, y: 0, z: 0}
--- !u!1 &865824673036885254
GameObject:
  m_ObjectHideFlags: 0
  m_CorrespondingSourceObject: {fileID: 0}
  m_PrefabInstance: {fileID: 0}
  m_PrefabAsset: {fileID: 0}
  serializedVersion: 6
  m_Component:
  - component: {fileID: 865824673037173094}
  m_Layer: 0
  m_Name: Leg_Front_L_01
  m_TagString: Untagged
  m_Icon: {fileID: 0}
  m_NavMeshLayer: 0
  m_StaticEditorFlags: 0
  m_IsActive: 1
--- !u!4 &865824673037173094
Transform:
  m_ObjectHideFlags: 0
  m_CorrespondingSourceObject: {fileID: 0}
  m_PrefabInstance: {fileID: 0}
  m_PrefabAsset: {fileID: 0}
  m_GameObject: {fileID: 865824673036885254}
  m_LocalRotation: {x: -0.35110596, y: -0.54519224, z: 0.2195426, w: 0.72889715}
  m_LocalPosition: {x: 0.03842717, y: 0.11815765, z: 0.20213936}
  m_LocalScale: {x: 1.000001, y: 0.999999, z: 1}
  m_Children:
  - {fileID: 865824673037173088}
  m_Father: {fileID: 865824673037173040}
  m_RootOrder: 1
  m_LocalEulerAnglesHint: {x: 0, y: 0, z: 0}
--- !u!1 &865824673036885256
GameObject:
  m_ObjectHideFlags: 0
  m_CorrespondingSourceObject: {fileID: 0}
  m_PrefabInstance: {fileID: 0}
  m_PrefabAsset: {fileID: 0}
  serializedVersion: 6
  m_Component:
  - component: {fileID: 865824673037173096}
  m_Layer: 0
  m_Name: Leg_Front_L_Finger_B_02
  m_TagString: Untagged
  m_Icon: {fileID: 0}
  m_NavMeshLayer: 0
  m_StaticEditorFlags: 0
  m_IsActive: 1
--- !u!4 &865824673037173096
Transform:
  m_ObjectHideFlags: 0
  m_CorrespondingSourceObject: {fileID: 0}
  m_PrefabInstance: {fileID: 0}
  m_PrefabAsset: {fileID: 0}
  m_GameObject: {fileID: 865824673036885256}
  m_LocalRotation: {x: -0.3042514, y: -0.34310228, z: -0.27903822, w: 0.8437118}
  m_LocalPosition: {x: 0.080564454, y: -0.0000001712, z: -0.00000032100002}
  m_LocalScale: {x: 1.000001, y: 1, z: 1}
  m_Children: []
  m_Father: {fileID: 865824673037173102}
  m_RootOrder: 0
  m_LocalEulerAnglesHint: {x: 0, y: 0, z: 0}
--- !u!1 &865824673036885258
GameObject:
  m_ObjectHideFlags: 0
  m_CorrespondingSourceObject: {fileID: 0}
  m_PrefabInstance: {fileID: 0}
  m_PrefabAsset: {fileID: 0}
  serializedVersion: 6
  m_Component:
  - component: {fileID: 865824673037173098}
  m_Layer: 0
  m_Name: Leg_Front_L_Finger_F_01
  m_TagString: Untagged
  m_Icon: {fileID: 0}
  m_NavMeshLayer: 0
  m_StaticEditorFlags: 0
  m_IsActive: 1
--- !u!4 &865824673037173098
Transform:
  m_ObjectHideFlags: 0
  m_CorrespondingSourceObject: {fileID: 0}
  m_PrefabInstance: {fileID: 0}
  m_PrefabAsset: {fileID: 0}
  m_GameObject: {fileID: 865824673036885258}
  m_LocalRotation: {x: 0.46709415, y: 0.29494655, z: 0.22895719, w: 0.8015037}
  m_LocalPosition: {x: 0.07510082, y: 0, z: 0}
  m_LocalScale: {x: 0.999999, y: 1, z: 1.000001}
  m_Children:
  - {fileID: 865824673037173108}
  m_Father: {fileID: 865824673037173100}
  m_RootOrder: 1
  m_LocalEulerAnglesHint: {x: 0, y: 0, z: 0}
--- !u!1 &865824673036885260
GameObject:
  m_ObjectHideFlags: 0
  m_CorrespondingSourceObject: {fileID: 0}
  m_PrefabInstance: {fileID: 0}
  m_PrefabAsset: {fileID: 0}
  serializedVersion: 6
  m_Component:
  - component: {fileID: 865824673037173100}
  m_Layer: 0
  m_Name: Leg_Front_L_04
  m_TagString: Untagged
  m_Icon: {fileID: 0}
  m_NavMeshLayer: 0
  m_StaticEditorFlags: 0
  m_IsActive: 1
--- !u!4 &865824673037173100
Transform:
  m_ObjectHideFlags: 0
  m_CorrespondingSourceObject: {fileID: 0}
  m_PrefabInstance: {fileID: 0}
  m_PrefabAsset: {fileID: 0}
  m_GameObject: {fileID: 865824673036885260}
  m_LocalRotation: {x: 0.70327604, y: 0.37881142, z: -0.2294876, w: 0.5560937}
  m_LocalPosition: {x: 0.38998643, y: 0.04115107, z: -0.006532072}
  m_LocalScale: {x: 1.000001, y: 0.999999, z: 1}
  m_Children:
  - {fileID: 865824673037173102}
  - {fileID: 865824673037173098}
  m_Father: {fileID: 865824673037173090}
  m_RootOrder: 0
  m_LocalEulerAnglesHint: {x: 0, y: 0, z: 0}
--- !u!1 &865824673036885262
GameObject:
  m_ObjectHideFlags: 0
  m_CorrespondingSourceObject: {fileID: 0}
  m_PrefabInstance: {fileID: 0}
  m_PrefabAsset: {fileID: 0}
  serializedVersion: 6
  m_Component:
  - component: {fileID: 865824673037173102}
  m_Layer: 0
  m_Name: Leg_Front_L_Finger_B_01
  m_TagString: Untagged
  m_Icon: {fileID: 0}
  m_NavMeshLayer: 0
  m_StaticEditorFlags: 0
  m_IsActive: 1
--- !u!4 &865824673037173102
Transform:
  m_ObjectHideFlags: 0
  m_CorrespondingSourceObject: {fileID: 0}
  m_PrefabInstance: {fileID: 0}
  m_PrefabAsset: {fileID: 0}
  m_GameObject: {fileID: 865824673036885262}
  m_LocalRotation: {x: 0.7895683, y: 0.5565673, z: 0.18639775, w: 0.17908257}
  m_LocalPosition: {x: 0.017083, y: 0.039966963, z: 0.028451324}
  m_LocalScale: {x: 1.000001, y: 0.999999, z: 1}
  m_Children:
  - {fileID: 865824673037173096}
  m_Father: {fileID: 865824673037173100}
  m_RootOrder: 0
  m_LocalEulerAnglesHint: {x: 0, y: 0, z: 0}
--- !u!1 &865824673036885264
GameObject:
  m_ObjectHideFlags: 0
  m_CorrespondingSourceObject: {fileID: 0}
  m_PrefabInstance: {fileID: 0}
  m_PrefabAsset: {fileID: 0}
  serializedVersion: 6
  m_Component:
  - component: {fileID: 865824673037173104}
  m_Layer: 0
  m_Name: Leg_Front_R_02
  m_TagString: Untagged
  m_Icon: {fileID: 0}
  m_NavMeshLayer: 0
  m_StaticEditorFlags: 0
  m_IsActive: 1
--- !u!4 &865824673037173104
Transform:
  m_ObjectHideFlags: 0
  m_CorrespondingSourceObject: {fileID: 0}
  m_PrefabInstance: {fileID: 0}
  m_PrefabAsset: {fileID: 0}
  m_GameObject: {fileID: 865824673036885264}
  m_LocalRotation: {x: -0.08672808, y: -0.43385583, z: 0.17579202, w: 0.87940013}
  m_LocalPosition: {x: -0.34569675, y: 0.00000032100002, z: -0.0000001712}
  m_LocalScale: {x: 1, y: 1.000001, z: 0.999999}
  m_Children:
  - {fileID: 865824673037173106}
  m_Father: {fileID: 865824673037173110}
  m_RootOrder: 0
  m_LocalEulerAnglesHint: {x: 0, y: 0, z: 0}
--- !u!1 &865824673036885266
GameObject:
  m_ObjectHideFlags: 0
  m_CorrespondingSourceObject: {fileID: 0}
  m_PrefabInstance: {fileID: 0}
  m_PrefabAsset: {fileID: 0}
  serializedVersion: 6
  m_Component:
  - component: {fileID: 865824673037173106}
  m_Layer: 0
  m_Name: Leg_Front_R_03
  m_TagString: Untagged
  m_Icon: {fileID: 0}
  m_NavMeshLayer: 0
  m_StaticEditorFlags: 0
  m_IsActive: 1
--- !u!4 &865824673037173106
Transform:
  m_ObjectHideFlags: 0
  m_CorrespondingSourceObject: {fileID: 0}
  m_PrefabInstance: {fileID: 0}
  m_PrefabAsset: {fileID: 0}
  m_GameObject: {fileID: 865824673036885266}
  m_LocalRotation: {x: -0.7259945, y: -0.106662124, z: 0.12391489, w: 0.6679822}
  m_LocalPosition: {x: -0.1265688, y: -0.02883282, z: -0.24615091}
  m_LocalScale: {x: 1.000001, y: 1, z: 0.999999}
  m_Children:
  - {fileID: 865824673037173116}
  m_Father: {fileID: 865824673037173104}
  m_RootOrder: 0
  m_LocalEulerAnglesHint: {x: 0, y: 0, z: 0}
--- !u!1 &865824673036885268
GameObject:
  m_ObjectHideFlags: 0
  m_CorrespondingSourceObject: {fileID: 0}
  m_PrefabInstance: {fileID: 0}
  m_PrefabAsset: {fileID: 0}
  serializedVersion: 6
  m_Component:
  - component: {fileID: 865824673037173108}
  m_Layer: 0
  m_Name: Leg_Front_L_Finger_F_02
  m_TagString: Untagged
  m_Icon: {fileID: 0}
  m_NavMeshLayer: 0
  m_StaticEditorFlags: 0
  m_IsActive: 1
--- !u!4 &865824673037173108
Transform:
  m_ObjectHideFlags: 0
  m_CorrespondingSourceObject: {fileID: 0}
  m_PrefabInstance: {fileID: 0}
  m_PrefabAsset: {fileID: 0}
  m_GameObject: {fileID: 865824673036885268}
  m_LocalRotation: {x: 0.2475611, y: 0.15925185, z: -0.27022603, w: 0.9166953}
  m_LocalPosition: {x: 0.04778068, y: 0.0000000428, z: -0.0000001284}
  m_LocalScale: {x: 0.999999, y: 1, z: 1.000002}
  m_Children: []
  m_Father: {fileID: 865824673037173098}
  m_RootOrder: 0
  m_LocalEulerAnglesHint: {x: 0, y: 0, z: 0}
--- !u!1 &865824673036885270
GameObject:
  m_ObjectHideFlags: 0
  m_CorrespondingSourceObject: {fileID: 0}
  m_PrefabInstance: {fileID: 0}
  m_PrefabAsset: {fileID: 0}
  serializedVersion: 6
  m_Component:
  - component: {fileID: 865824673037173110}
  m_Layer: 0
  m_Name: Leg_Front_R_01
  m_TagString: Untagged
  m_Icon: {fileID: 0}
  m_NavMeshLayer: 0
  m_StaticEditorFlags: 0
  m_IsActive: 1
--- !u!4 &865824673037173110
Transform:
  m_ObjectHideFlags: 0
  m_CorrespondingSourceObject: {fileID: 0}
  m_PrefabInstance: {fileID: 0}
  m_PrefabAsset: {fileID: 0}
  m_GameObject: {fileID: 865824673036885270}
  m_LocalRotation: {x: 0.5451911, y: -0.35110503, z: 0.7288984, w: -0.21954277}
  m_LocalPosition: {x: 0.038426954, y: 0.11815765, z: -0.20213868}
  m_LocalScale: {x: 1, y: 0.999999, z: 1}
  m_Children:
  - {fileID: 865824673037173104}
  m_Father: {fileID: 865824673037173040}
  m_RootOrder: 2
  m_LocalEulerAnglesHint: {x: 0, y: 0, z: 0}
--- !u!1 &865824673036885272
GameObject:
  m_ObjectHideFlags: 0
  m_CorrespondingSourceObject: {fileID: 0}
  m_PrefabInstance: {fileID: 0}
  m_PrefabAsset: {fileID: 0}
  serializedVersion: 6
  m_Component:
  - component: {fileID: 865824673037173112}
  m_Layer: 0
  m_Name: Leg_Front_R_Finger_B_02
  m_TagString: Untagged
  m_Icon: {fileID: 0}
  m_NavMeshLayer: 0
  m_StaticEditorFlags: 0
  m_IsActive: 1
--- !u!4 &865824673037173112
Transform:
  m_ObjectHideFlags: 0
  m_CorrespondingSourceObject: {fileID: 0}
  m_PrefabInstance: {fileID: 0}
  m_PrefabAsset: {fileID: 0}
  m_GameObject: {fileID: 865824673036885272}
  m_LocalRotation: {x: 0.2475611, y: 0.15925185, z: -0.27022603, w: 0.9166953}
  m_LocalPosition: {x: -0.04778053, y: -0.0000000856, z: -0.0000001284}
  m_LocalScale: {x: 1, y: 1, z: 0.999999}
  m_Children: []
  m_Father: {fileID: 865824673037173118}
  m_RootOrder: 0
  m_LocalEulerAnglesHint: {x: 0, y: 0, z: 0}
--- !u!1 &865824673036885274
GameObject:
  m_ObjectHideFlags: 0
  m_CorrespondingSourceObject: {fileID: 0}
  m_PrefabInstance: {fileID: 0}
  m_PrefabAsset: {fileID: 0}
  serializedVersion: 6
  m_Component:
  - component: {fileID: 865824673037173114}
  m_Layer: 0
  m_Name: Leg_Front_R_Finger_F_01
  m_TagString: Untagged
  m_Icon: {fileID: 0}
  m_NavMeshLayer: 0
  m_StaticEditorFlags: 0
  m_IsActive: 1
--- !u!4 &865824673037173114
Transform:
  m_ObjectHideFlags: 0
  m_CorrespondingSourceObject: {fileID: 0}
  m_PrefabInstance: {fileID: 0}
  m_PrefabAsset: {fileID: 0}
  m_GameObject: {fileID: 865824673036885274}
  m_LocalRotation: {x: 0.7895686, y: 0.55656695, z: 0.18639766, w: 0.17908265}
  m_LocalPosition: {x: -0.017083172, y: -0.039966963, z: -0.02845098}
  m_LocalScale: {x: 1, y: 0.999999, z: 1}
  m_Children:
  - {fileID: 865824673037172996}
  m_Father: {fileID: 865824673037173116}
  m_RootOrder: 1
  m_LocalEulerAnglesHint: {x: 0, y: 0, z: 0}
--- !u!1 &865824673036885276
GameObject:
  m_ObjectHideFlags: 0
  m_CorrespondingSourceObject: {fileID: 0}
  m_PrefabInstance: {fileID: 0}
  m_PrefabAsset: {fileID: 0}
  serializedVersion: 6
  m_Component:
  - component: {fileID: 865824673037173116}
  m_Layer: 0
  m_Name: Leg_Front_R_04
  m_TagString: Untagged
  m_Icon: {fileID: 0}
  m_NavMeshLayer: 0
  m_StaticEditorFlags: 0
  m_IsActive: 1
--- !u!4 &865824673037173116
Transform:
  m_ObjectHideFlags: 0
  m_CorrespondingSourceObject: {fileID: 0}
  m_PrefabInstance: {fileID: 0}
  m_PrefabAsset: {fileID: 0}
  m_GameObject: {fileID: 865824673036885276}
  m_LocalRotation: {x: 0.70327556, y: 0.37881118, z: -0.22948818, w: 0.55609417}
  m_LocalPosition: {x: -0.38998544, y: -0.041150983, z: 0.006532885}
  m_LocalScale: {x: 1, y: 1, z: 1.000001}
  m_Children:
  - {fileID: 865824673037173118}
  - {fileID: 865824673037173114}
  m_Father: {fileID: 865824673037173106}
  m_RootOrder: 0
  m_LocalEulerAnglesHint: {x: 0, y: 0, z: 0}
--- !u!1 &865824673036885278
GameObject:
  m_ObjectHideFlags: 0
  m_CorrespondingSourceObject: {fileID: 0}
  m_PrefabInstance: {fileID: 0}
  m_PrefabAsset: {fileID: 0}
  serializedVersion: 6
  m_Component:
  - component: {fileID: 865824673037173118}
  m_Layer: 0
  m_Name: Leg_Front_R_Finger_B_01
  m_TagString: Untagged
  m_Icon: {fileID: 0}
  m_NavMeshLayer: 0
  m_StaticEditorFlags: 0
  m_IsActive: 1
--- !u!4 &865824673037173118
Transform:
  m_ObjectHideFlags: 0
  m_CorrespondingSourceObject: {fileID: 0}
  m_PrefabInstance: {fileID: 0}
  m_PrefabAsset: {fileID: 0}
  m_GameObject: {fileID: 865824673036885278}
  m_LocalRotation: {x: 0.46709436, y: 0.2949469, z: 0.22895747, w: 0.80150336}
  m_LocalPosition: {x: -0.075100735, y: 0.00000032100002, z: 0.00000023540001}
  m_LocalScale: {x: 1.000001, y: 1, z: 0.999999}
  m_Children:
  - {fileID: 865824673037173112}
  m_Father: {fileID: 865824673037173116}
  m_RootOrder: 0
  m_LocalEulerAnglesHint: {x: 0, y: 0, z: 0}
--- !u!1 &865824673036885280
GameObject:
  m_ObjectHideFlags: 0
  m_CorrespondingSourceObject: {fileID: 0}
  m_PrefabInstance: {fileID: 0}
  m_PrefabAsset: {fileID: 0}
  serializedVersion: 6
  m_Component:
  - component: {fileID: 865824673037172992}
  m_Layer: 0
  m_Name: Leg_Middle_L_02
  m_TagString: Untagged
  m_Icon: {fileID: 0}
  m_NavMeshLayer: 0
  m_StaticEditorFlags: 0
  m_IsActive: 1
--- !u!4 &865824673037172992
Transform:
  m_ObjectHideFlags: 0
  m_CorrespondingSourceObject: {fileID: 0}
  m_PrefabInstance: {fileID: 0}
  m_PrefabAsset: {fileID: 0}
  m_GameObject: {fileID: 865824673036885280}
  m_LocalRotation: {x: -0.036773115, y: -0.10321632, z: 0.3335897, w: 0.93632907}
  m_LocalPosition: {x: 0.25231582, y: 0, z: -0.00000027820002}
  m_LocalScale: {x: 1, y: 1, z: 1}
  m_Children:
  - {fileID: 865824673037172994}
  m_Father: {fileID: 865824673037172998}
  m_RootOrder: 0
  m_LocalEulerAnglesHint: {x: 0, y: 0, z: 0}
--- !u!1 &865824673036885282
GameObject:
  m_ObjectHideFlags: 0
  m_CorrespondingSourceObject: {fileID: 0}
  m_PrefabInstance: {fileID: 0}
  m_PrefabAsset: {fileID: 0}
  serializedVersion: 6
  m_Component:
  - component: {fileID: 865824673037172994}
  m_Layer: 0
  m_Name: Leg_Middle_L_03
  m_TagString: Untagged
  m_Icon: {fileID: 0}
  m_NavMeshLayer: 0
  m_StaticEditorFlags: 0
  m_IsActive: 1
--- !u!4 &865824673037172994
Transform:
  m_ObjectHideFlags: 0
  m_CorrespondingSourceObject: {fileID: 0}
  m_PrefabInstance: {fileID: 0}
  m_PrefabAsset: {fileID: 0}
  m_GameObject: {fileID: 865824673036885282}
  m_LocalRotation: {x: 0.48566848, y: -0.44560495, z: -0.4821969, w: 0.5771037}
  m_LocalPosition: {x: 0.30026975, y: -0.00000023540001, z: -0.0000001498}
  m_LocalScale: {x: 1, y: 1, z: 1}
  m_Children:
  - {fileID: 865824673037173004}
  m_Father: {fileID: 865824673037172992}
  m_RootOrder: 0
  m_LocalEulerAnglesHint: {x: 0, y: 0, z: 0}
--- !u!1 &865824673036885284
GameObject:
  m_ObjectHideFlags: 0
  m_CorrespondingSourceObject: {fileID: 0}
  m_PrefabInstance: {fileID: 0}
  m_PrefabAsset: {fileID: 0}
  serializedVersion: 6
  m_Component:
  - component: {fileID: 865824673037172996}
  m_Layer: 0
  m_Name: Leg_Front_R_Finger_F_02
  m_TagString: Untagged
  m_Icon: {fileID: 0}
  m_NavMeshLayer: 0
  m_StaticEditorFlags: 0
  m_IsActive: 1
--- !u!4 &865824673037172996
Transform:
  m_ObjectHideFlags: 0
  m_CorrespondingSourceObject: {fileID: 0}
  m_PrefabInstance: {fileID: 0}
  m_PrefabAsset: {fileID: 0}
  m_GameObject: {fileID: 865824673036885284}
  m_LocalRotation: {x: -0.3042512, y: -0.34310228, z: -0.2790385, w: 0.8437118}
  m_LocalPosition: {x: -0.080564305, y: 0.00000021400001, z: 0.0000000856}
  m_LocalScale: {x: 1, y: 0.999999, z: 1.000001}
  m_Children: []
  m_Father: {fileID: 865824673037173114}
  m_RootOrder: 0
  m_LocalEulerAnglesHint: {x: 0, y: 0, z: 0}
--- !u!1 &865824673036885286
GameObject:
  m_ObjectHideFlags: 0
  m_CorrespondingSourceObject: {fileID: 0}
  m_PrefabInstance: {fileID: 0}
  m_PrefabAsset: {fileID: 0}
  serializedVersion: 6
  m_Component:
  - component: {fileID: 865824673037172998}
  m_Layer: 0
  m_Name: Leg_Middle_L_01
  m_TagString: Untagged
  m_Icon: {fileID: 0}
  m_NavMeshLayer: 0
  m_StaticEditorFlags: 0
  m_IsActive: 1
--- !u!4 &865824673037172998
Transform:
  m_ObjectHideFlags: 0
  m_CorrespondingSourceObject: {fileID: 0}
  m_PrefabInstance: {fileID: 0}
  m_PrefabAsset: {fileID: 0}
  m_GameObject: {fileID: 865824673036885286}
  m_LocalRotation: {x: -0.29392904, y: -0.52427685, z: 0.20269552, w: 0.7730809}
  m_LocalPosition: {x: -0.04783737, y: 0.07852931, z: 0.2484297}
  m_LocalScale: {x: 1, y: 1.000001, z: 1.000001}
  m_Children:
  - {fileID: 865824673037172992}
  m_Father: {fileID: 865824673037173044}
  m_RootOrder: 0
  m_LocalEulerAnglesHint: {x: 0, y: 0, z: 0}
--- !u!1 &865824673036885288
GameObject:
  m_ObjectHideFlags: 0
  m_CorrespondingSourceObject: {fileID: 0}
  m_PrefabInstance: {fileID: 0}
  m_PrefabAsset: {fileID: 0}
  serializedVersion: 6
  m_Component:
  - component: {fileID: 865824673037173000}
  m_Layer: 0
  m_Name: Leg_Middle_L_06
  m_TagString: Untagged
  m_Icon: {fileID: 0}
  m_NavMeshLayer: 0
  m_StaticEditorFlags: 0
  m_IsActive: 1
--- !u!4 &865824673037173000
Transform:
  m_ObjectHideFlags: 0
  m_CorrespondingSourceObject: {fileID: 0}
  m_PrefabInstance: {fileID: 0}
  m_PrefabAsset: {fileID: 0}
  m_GameObject: {fileID: 865824673036885288}
  m_LocalRotation: {x: 0.88810074, y: 0.21127829, z: -0.23359284, w: 0.33477294}
  m_LocalPosition: {x: 0.40411344, y: 0.036841173, z: -0.033667233}
  m_LocalScale: {x: 1, y: 1, z: 1}
  m_Children:
  - {fileID: 865824673037173002}
  - {fileID: 865824673037173014}
  m_Father: {fileID: 865824673037173006}
  m_RootOrder: 0
  m_LocalEulerAnglesHint: {x: 0, y: 0, z: 0}
--- !u!1 &865824673036885290
GameObject:
  m_ObjectHideFlags: 0
  m_CorrespondingSourceObject: {fileID: 0}
  m_PrefabInstance: {fileID: 0}
  m_PrefabAsset: {fileID: 0}
  serializedVersion: 6
  m_Component:
  - component: {fileID: 865824673037173002}
  m_Layer: 0
  m_Name: Leg_Middle_L_Finger_B_01
  m_TagString: Untagged
  m_Icon: {fileID: 0}
  m_NavMeshLayer: 0
  m_StaticEditorFlags: 0
  m_IsActive: 1
--- !u!4 &865824673037173002
Transform:
  m_ObjectHideFlags: 0
  m_CorrespondingSourceObject: {fileID: 0}
  m_PrefabInstance: {fileID: 0}
  m_PrefabAsset: {fileID: 0}
  m_GameObject: {fileID: 865824673036885290}
  m_LocalRotation: {x: 0.29186043, y: 0.16914825, z: -0.15166068, w: 0.92908853}
  m_LocalPosition: {x: 0.2694269, y: -0.006181647, z: -0.024804143}
  m_LocalScale: {x: 1, y: 1, z: 0.999999}
  m_Children:
  - {fileID: 865824673037173012}
  m_Father: {fileID: 865824673037173000}
  m_RootOrder: 0
  m_LocalEulerAnglesHint: {x: 0, y: 0, z: 0}
--- !u!1 &865824673036885292
GameObject:
  m_ObjectHideFlags: 0
  m_CorrespondingSourceObject: {fileID: 0}
  m_PrefabInstance: {fileID: 0}
  m_PrefabAsset: {fileID: 0}
  serializedVersion: 6
  m_Component:
  - component: {fileID: 865824673037173004}
  m_Layer: 0
  m_Name: Leg_Middle_L_04
  m_TagString: Untagged
  m_Icon: {fileID: 0}
  m_NavMeshLayer: 0
  m_StaticEditorFlags: 0
  m_IsActive: 1
--- !u!4 &865824673037173004
Transform:
  m_ObjectHideFlags: 0
  m_CorrespondingSourceObject: {fileID: 0}
  m_PrefabInstance: {fileID: 0}
  m_PrefabAsset: {fileID: 0}
  m_GameObject: {fileID: 865824673036885292}
  m_LocalRotation: {x: -0.16255407, y: 0.26300323, z: 0.49999186, w: 0.80895835}
  m_LocalPosition: {x: 0.30454224, y: 0.03732858, z: 0.42586103}
  m_LocalScale: {x: 0.999999, y: 1, z: 1.000001}
  m_Children:
  - {fileID: 865824673037173006}
  m_Father: {fileID: 865824673037172994}
  m_RootOrder: 0
  m_LocalEulerAnglesHint: {x: 0, y: 0, z: 0}
--- !u!1 &865824673036885294
GameObject:
  m_ObjectHideFlags: 0
  m_CorrespondingSourceObject: {fileID: 0}
  m_PrefabInstance: {fileID: 0}
  m_PrefabAsset: {fileID: 0}
  serializedVersion: 6
  m_Component:
  - component: {fileID: 865824673037173006}
  m_Layer: 0
  m_Name: Leg_Middle_L_05
  m_TagString: Untagged
  m_Icon: {fileID: 0}
  m_NavMeshLayer: 0
  m_StaticEditorFlags: 0
  m_IsActive: 1
--- !u!4 &865824673037173006
Transform:
  m_ObjectHideFlags: 0
  m_CorrespondingSourceObject: {fileID: 0}
  m_PrefabInstance: {fileID: 0}
  m_PrefabAsset: {fileID: 0}
  m_GameObject: {fileID: 865824673036885294}
  m_LocalRotation: {x: -0.13410945, y: 0.13202114, z: 0.14007197, w: 0.9720931}
  m_LocalPosition: {x: 0.4006496, y: 0.014821641, z: -0.014221885}
  m_LocalScale: {x: 0.999999, y: 1, z: 1.000001}
  m_Children:
  - {fileID: 865824673037173000}
  m_Father: {fileID: 865824673037173004}
  m_RootOrder: 0
  m_LocalEulerAnglesHint: {x: 0, y: 0, z: 0}
--- !u!1 &865824673036885296
GameObject:
  m_ObjectHideFlags: 0
  m_CorrespondingSourceObject: {fileID: 0}
  m_PrefabInstance: {fileID: 0}
  m_PrefabAsset: {fileID: 0}
  serializedVersion: 6
  m_Component:
  - component: {fileID: 865824673037173008}
  m_Layer: 0
  m_Name: Leg_Middle_L_Finger_F_02
  m_TagString: Untagged
  m_Icon: {fileID: 0}
  m_NavMeshLayer: 0
  m_StaticEditorFlags: 0
  m_IsActive: 1
--- !u!4 &865824673037173008
Transform:
  m_ObjectHideFlags: 0
  m_CorrespondingSourceObject: {fileID: 0}
  m_PrefabInstance: {fileID: 0}
  m_PrefabAsset: {fileID: 0}
  m_GameObject: {fileID: 865824673036885296}
  m_LocalRotation: {x: -0.03717769, y: -0.35954666, z: -0.46663356, w: 0.8072157}
  m_LocalPosition: {x: 0.1605547, y: 0.00000032100002, z: -0.00000023540001}
  m_LocalScale: {x: 1, y: 1, z: 1.000001}
  m_Children: []
  m_Father: {fileID: 865824673037173014}
  m_RootOrder: 0
  m_LocalEulerAnglesHint: {x: 0, y: 0, z: 0}
--- !u!1 &865824673036885298
GameObject:
  m_ObjectHideFlags: 0
  m_CorrespondingSourceObject: {fileID: 0}
  m_PrefabInstance: {fileID: 0}
  m_PrefabAsset: {fileID: 0}
  serializedVersion: 6
  m_Component:
  - component: {fileID: 865824673037173010}
  m_Layer: 0
  m_Name: Leg_Middle_R_01
  m_TagString: Untagged
  m_Icon: {fileID: 0}
  m_NavMeshLayer: 0
  m_StaticEditorFlags: 0
  m_IsActive: 1
--- !u!4 &865824673037173010
Transform:
  m_ObjectHideFlags: 0
  m_CorrespondingSourceObject: {fileID: 0}
  m_PrefabInstance: {fileID: 0}
  m_PrefabAsset: {fileID: 0}
  m_GameObject: {fileID: 865824673036885298}
  m_LocalRotation: {x: 0.52427614, y: -0.29392815, z: 0.77308166, w: -0.20269565}
  m_LocalPosition: {x: -0.047837842, y: 0.07852882, z: -0.24842973}
  m_LocalScale: {x: 1, y: 1, z: 1}
  m_Children:
  - {fileID: 865824673037173020}
  m_Father: {fileID: 865824673037173044}
  m_RootOrder: 1
  m_LocalEulerAnglesHint: {x: 0, y: 0, z: 0}
--- !u!1 &865824673036885300
GameObject:
  m_ObjectHideFlags: 0
  m_CorrespondingSourceObject: {fileID: 0}
  m_PrefabInstance: {fileID: 0}
  m_PrefabAsset: {fileID: 0}
  serializedVersion: 6
  m_Component:
  - component: {fileID: 865824673037173012}
  m_Layer: 0
  m_Name: Leg_Middle_L_Finger_B_02
  m_TagString: Untagged
  m_Icon: {fileID: 0}
  m_NavMeshLayer: 0
  m_StaticEditorFlags: 0
  m_IsActive: 1
--- !u!4 &865824673037173012
Transform:
  m_ObjectHideFlags: 0
  m_CorrespondingSourceObject: {fileID: 0}
  m_PrefabInstance: {fileID: 0}
  m_PrefabAsset: {fileID: 0}
  m_GameObject: {fileID: 865824673036885300}
  m_LocalRotation: {x: -0.12161309, y: -0.30038476, z: -0.4861143, w: 0.8115862}
  m_LocalPosition: {x: 0.14167018, y: 0.00000021400001, z: -0.0000000428}
  m_LocalScale: {x: 0.999999, y: 1, z: 1.000001}
  m_Children: []
  m_Father: {fileID: 865824673037173002}
  m_RootOrder: 0
  m_LocalEulerAnglesHint: {x: 0, y: 0, z: 0}
--- !u!1 &865824673036885302
GameObject:
  m_ObjectHideFlags: 0
  m_CorrespondingSourceObject: {fileID: 0}
  m_PrefabInstance: {fileID: 0}
  m_PrefabAsset: {fileID: 0}
  serializedVersion: 6
  m_Component:
  - component: {fileID: 865824673037173014}
  m_Layer: 0
  m_Name: Leg_Middle_L_Finger_F_01
  m_TagString: Untagged
  m_Icon: {fileID: 0}
  m_NavMeshLayer: 0
  m_StaticEditorFlags: 0
  m_IsActive: 1
--- !u!4 &865824673037173014
Transform:
  m_ObjectHideFlags: 0
  m_CorrespondingSourceObject: {fileID: 0}
  m_PrefabInstance: {fileID: 0}
  m_PrefabAsset: {fileID: 0}
  m_GameObject: {fileID: 865824673036885302}
  m_LocalRotation: {x: 0.2475209, y: 0.18821207, z: -0.3163435, w: 0.8962346}
  m_LocalPosition: {x: 0.18028478, y: -0.04544716, z: -0.19299987}
  m_LocalScale: {x: 1, y: 0.999999, z: 1.000001}
  m_Children:
  - {fileID: 865824673037173008}
  m_Father: {fileID: 865824673037173000}
  m_RootOrder: 1
  m_LocalEulerAnglesHint: {x: 0, y: 0, z: 0}
--- !u!1 &865824673036885304
GameObject:
  m_ObjectHideFlags: 0
  m_CorrespondingSourceObject: {fileID: 0}
  m_PrefabInstance: {fileID: 0}
  m_PrefabAsset: {fileID: 0}
  serializedVersion: 6
  m_Component:
  - component: {fileID: 865824673037173016}
  m_Layer: 0
  m_Name: Leg_Middle_R_04
  m_TagString: Untagged
  m_Icon: {fileID: 0}
  m_NavMeshLayer: 0
  m_StaticEditorFlags: 0
  m_IsActive: 1
--- !u!4 &865824673037173016
Transform:
  m_ObjectHideFlags: 0
  m_CorrespondingSourceObject: {fileID: 0}
  m_PrefabInstance: {fileID: 0}
  m_PrefabAsset: {fileID: 0}
  m_GameObject: {fileID: 865824673036885304}
  m_LocalRotation: {x: -0.16255407, y: 0.26300323, z: 0.49999186, w: 0.80895835}
  m_LocalPosition: {x: -0.304543, y: -0.03732858, z: -0.42586088}
  m_LocalScale: {x: 1, y: 0.999999, z: 1}
  m_Children:
  - {fileID: 865824673037173018}
  m_Father: {fileID: 865824673037173022}
  m_RootOrder: 0
  m_LocalEulerAnglesHint: {x: 0, y: 0, z: 0}
--- !u!1 &865824673036885306
GameObject:
  m_ObjectHideFlags: 0
  m_CorrespondingSourceObject: {fileID: 0}
  m_PrefabInstance: {fileID: 0}
  m_PrefabAsset: {fileID: 0}
  serializedVersion: 6
  m_Component:
  - component: {fileID: 865824673037173018}
  m_Layer: 0
  m_Name: Leg_Middle_R_05
  m_TagString: Untagged
  m_Icon: {fileID: 0}
  m_NavMeshLayer: 0
  m_StaticEditorFlags: 0
  m_IsActive: 1
--- !u!4 &865824673037173018
Transform:
  m_ObjectHideFlags: 0
  m_CorrespondingSourceObject: {fileID: 0}
  m_PrefabInstance: {fileID: 0}
  m_PrefabAsset: {fileID: 0}
  m_GameObject: {fileID: 865824673036885306}
  m_LocalRotation: {x: -0.13410945, y: 0.13202114, z: 0.14007197, w: 0.9720931}
  m_LocalPosition: {x: -0.40064967, y: -0.014822048, z: 0.01422122}
  m_LocalScale: {x: 1.000001, y: 1, z: 1.000001}
  m_Children:
  - {fileID: 865824673037173028}
  m_Father: {fileID: 865824673037173016}
  m_RootOrder: 0
  m_LocalEulerAnglesHint: {x: 0, y: 0, z: 0}
--- !u!1 &865824673036885308
GameObject:
  m_ObjectHideFlags: 0
  m_CorrespondingSourceObject: {fileID: 0}
  m_PrefabInstance: {fileID: 0}
  m_PrefabAsset: {fileID: 0}
  serializedVersion: 6
  m_Component:
  - component: {fileID: 865824673037173020}
  m_Layer: 0
  m_Name: Leg_Middle_R_02
  m_TagString: Untagged
  m_Icon: {fileID: 0}
  m_NavMeshLayer: 0
  m_StaticEditorFlags: 0
  m_IsActive: 1
--- !u!4 &865824673037173020
Transform:
  m_ObjectHideFlags: 0
  m_CorrespondingSourceObject: {fileID: 0}
  m_PrefabInstance: {fileID: 0}
  m_PrefabAsset: {fileID: 0}
  m_GameObject: {fileID: 865824673036885308}
  m_LocalRotation: {x: -0.036773406, y: -0.103216946, z: 0.33358958, w: 0.936329}
  m_LocalPosition: {x: -0.25231588, y: -0.00000049220006, z: -0.00000023540001}
  m_LocalScale: {x: 1, y: 1, z: 1}
  m_Children:
  - {fileID: 865824673037173022}
  m_Father: {fileID: 865824673037173010}
  m_RootOrder: 0
  m_LocalEulerAnglesHint: {x: 0, y: 0, z: 0}
--- !u!1 &865824673036885310
GameObject:
  m_ObjectHideFlags: 0
  m_CorrespondingSourceObject: {fileID: 0}
  m_PrefabInstance: {fileID: 0}
  m_PrefabAsset: {fileID: 0}
  serializedVersion: 6
  m_Component:
  - component: {fileID: 865824673037173022}
  m_Layer: 0
  m_Name: Leg_Middle_R_03
  m_TagString: Untagged
  m_Icon: {fileID: 0}
  m_NavMeshLayer: 0
  m_StaticEditorFlags: 0
  m_IsActive: 1
--- !u!4 &865824673037173022
Transform:
  m_ObjectHideFlags: 0
  m_CorrespondingSourceObject: {fileID: 0}
  m_PrefabInstance: {fileID: 0}
  m_PrefabAsset: {fileID: 0}
  m_GameObject: {fileID: 865824673036885310}
  m_LocalRotation: {x: 0.48566875, y: -0.44560516, z: -0.48219663, w: 0.5771034}
  m_LocalPosition: {x: -0.30027023, y: -0.00000023540001, z: -0.0000004066}
  m_LocalScale: {x: 1.000001, y: 1, z: 1.000001}
  m_Children:
  - {fileID: 865824673037173016}
  m_Father: {fileID: 865824673037173020}
  m_RootOrder: 0
  m_LocalEulerAnglesHint: {x: 0, y: 0, z: 0}
--- !u!1 &865824673036885344
GameObject:
  m_ObjectHideFlags: 0
  m_CorrespondingSourceObject: {fileID: 0}
  m_PrefabInstance: {fileID: 0}
  m_PrefabAsset: {fileID: 0}
  serializedVersion: 6
  m_Component:
  - component: {fileID: 865824673037173056}
  m_Layer: 0
  m_Name: Antenna_L_03
  m_TagString: Untagged
  m_Icon: {fileID: 0}
  m_NavMeshLayer: 0
  m_StaticEditorFlags: 0
  m_IsActive: 1
--- !u!4 &865824673037173056
Transform:
  m_ObjectHideFlags: 0
  m_CorrespondingSourceObject: {fileID: 0}
  m_PrefabInstance: {fileID: 0}
  m_PrefabAsset: {fileID: 0}
  m_GameObject: {fileID: 865824673036885344}
  m_LocalRotation: {x: -0.101977386, y: -0.04798945, z: 0.22607978, w: 0.96756685}
  m_LocalPosition: {x: 0.4311126, y: 0.043322783, z: 0.022085657}
  m_LocalScale: {x: 1, y: 0.999999, z: 1.000001}
  m_Children:
  - {fileID: 865824673037173058}
  m_Father: {fileID: 865824673037173062}
  m_RootOrder: 0
  m_LocalEulerAnglesHint: {x: 0, y: 0, z: 0}
--- !u!1 &865824673036885346
GameObject:
  m_ObjectHideFlags: 0
  m_CorrespondingSourceObject: {fileID: 0}
  m_PrefabInstance: {fileID: 0}
  m_PrefabAsset: {fileID: 0}
  serializedVersion: 6
  m_Component:
  - component: {fileID: 865824673037173058}
  m_Layer: 0
  m_Name: Antenna_L_04
  m_TagString: Untagged
  m_Icon: {fileID: 0}
  m_NavMeshLayer: 0
  m_StaticEditorFlags: 0
  m_IsActive: 1
--- !u!4 &865824673037173058
Transform:
  m_ObjectHideFlags: 0
  m_CorrespondingSourceObject: {fileID: 0}
  m_PrefabInstance: {fileID: 0}
  m_PrefabAsset: {fileID: 0}
  m_GameObject: {fileID: 865824673036885346}
  m_LocalRotation: {x: 0.0035114149, y: 0.0040543037, z: 0.10858954, w: 0.9940722}
  m_LocalPosition: {x: 0.19001831, y: 0.00000032100002, z: 0.0000000214}
  m_LocalScale: {x: 0.999999, y: 1.000001, z: 1}
  m_Children:
  - {fileID: 865824673037173068}
  m_Father: {fileID: 865824673037173056}
  m_RootOrder: 0
  m_LocalEulerAnglesHint: {x: 0, y: 0, z: 0}
--- !u!1 &865824673036885348
GameObject:
  m_ObjectHideFlags: 0
  m_CorrespondingSourceObject: {fileID: 0}
  m_PrefabInstance: {fileID: 0}
  m_PrefabAsset: {fileID: 0}
  serializedVersion: 6
  m_Component:
  - component: {fileID: 865824673037173060}
  m_Layer: 0
  m_Name: Antenna_L_01
  m_TagString: Untagged
  m_Icon: {fileID: 0}
  m_NavMeshLayer: 0
  m_StaticEditorFlags: 0
  m_IsActive: 1
--- !u!4 &865824673037173060
Transform:
  m_ObjectHideFlags: 0
  m_CorrespondingSourceObject: {fileID: 0}
  m_PrefabInstance: {fileID: 0}
  m_PrefabAsset: {fileID: 0}
  m_GameObject: {fileID: 865824673036885348}
  m_LocalRotation: {x: -0.30628043, y: 0.2302059, z: -0.47555035, w: 0.7918646}
  m_LocalPosition: {x: -0.14407632, y: -0.121115595, z: 0.075792216}
  m_LocalScale: {x: 1, y: 1.000001, z: 1}
  m_Children:
  - {fileID: 865824673037173062}
  m_Father: {fileID: 865824673037173072}
  m_RootOrder: 0
  m_LocalEulerAnglesHint: {x: 0, y: 0, z: 0}
--- !u!1 &865824673036885350
GameObject:
  m_ObjectHideFlags: 0
  m_CorrespondingSourceObject: {fileID: 0}
  m_PrefabInstance: {fileID: 0}
  m_PrefabAsset: {fileID: 0}
  serializedVersion: 6
  m_Component:
  - component: {fileID: 865824673037173062}
  m_Layer: 0
  m_Name: Antenna_L_02
  m_TagString: Untagged
  m_Icon: {fileID: 0}
  m_NavMeshLayer: 0
  m_StaticEditorFlags: 0
  m_IsActive: 1
--- !u!4 &865824673037173062
Transform:
  m_ObjectHideFlags: 0
  m_CorrespondingSourceObject: {fileID: 0}
  m_PrefabInstance: {fileID: 0}
  m_PrefabAsset: {fileID: 0}
  m_GameObject: {fileID: 865824673036885350}
  m_LocalRotation: {x: -0.61756384, y: 0.7458434, z: 0.08868349, w: 0.23338322}
  m_LocalPosition: {x: 0.41980064, y: -0.032892335, z: 0.08751273}
  m_LocalScale: {x: 0.999999, y: 1, z: 1.000001}
  m_Children:
  - {fileID: 865824673037173056}
  m_Father: {fileID: 865824673037173060}
  m_RootOrder: 0
  m_LocalEulerAnglesHint: {x: 0, y: 0, z: 0}
--- !u!1 &865824673036885352
GameObject:
  m_ObjectHideFlags: 0
  m_CorrespondingSourceObject: {fileID: 0}
  m_PrefabInstance: {fileID: 0}
  m_PrefabAsset: {fileID: 0}
  serializedVersion: 6
  m_Component:
  - component: {fileID: 865824673037173064}
  m_Layer: 0
  m_Name: Antenna_R_02
  m_TagString: Untagged
  m_Icon: {fileID: 0}
  m_NavMeshLayer: 0
  m_StaticEditorFlags: 0
  m_IsActive: 1
--- !u!4 &865824673037173064
Transform:
  m_ObjectHideFlags: 0
  m_CorrespondingSourceObject: {fileID: 0}
  m_PrefabInstance: {fileID: 0}
  m_PrefabAsset: {fileID: 0}
  m_GameObject: {fileID: 865824673036885352}
  m_LocalRotation: {x: -0.61756384, y: 0.7458434, z: 0.08868349, w: 0.23338322}
  m_LocalPosition: {x: -0.4198003, y: 0.032892592, z: -0.08751325}
  m_LocalScale: {x: 0.999999, y: 1.000001, z: 1.000001}
  m_Children:
  - {fileID: 865824673037173066}
  m_Father: {fileID: 865824673037173070}
  m_RootOrder: 0
  m_LocalEulerAnglesHint: {x: 0, y: 0, z: 0}
--- !u!1 &865824673036885354
GameObject:
  m_ObjectHideFlags: 0
  m_CorrespondingSourceObject: {fileID: 0}
  m_PrefabInstance: {fileID: 0}
  m_PrefabAsset: {fileID: 0}
  serializedVersion: 6
  m_Component:
  - component: {fileID: 865824673037173066}
  m_Layer: 0
  m_Name: Antenna_R_03
  m_TagString: Untagged
  m_Icon: {fileID: 0}
  m_NavMeshLayer: 0
  m_StaticEditorFlags: 0
  m_IsActive: 1
--- !u!4 &865824673037173066
Transform:
  m_ObjectHideFlags: 0
  m_CorrespondingSourceObject: {fileID: 0}
  m_PrefabInstance: {fileID: 0}
  m_PrefabAsset: {fileID: 0}
  m_GameObject: {fileID: 865824673036885354}
  m_LocalRotation: {x: -0.101977386, y: -0.04798945, z: 0.22607978, w: 0.96756685}
  m_LocalPosition: {x: -0.43111247, y: -0.043320835, z: -0.02208572}
  m_LocalScale: {x: 0.999999, y: 1, z: 1.000001}
  m_Children:
  - {fileID: 865824673037173076}
  m_Father: {fileID: 865824673037173064}
  m_RootOrder: 0
  m_LocalEulerAnglesHint: {x: 0, y: 0, z: 0}
--- !u!1 &865824673036885356
GameObject:
  m_ObjectHideFlags: 0
  m_CorrespondingSourceObject: {fileID: 0}
  m_PrefabInstance: {fileID: 0}
  m_PrefabAsset: {fileID: 0}
  serializedVersion: 6
  m_Component:
  - component: {fileID: 865824673037173068}
  m_Layer: 0
  m_Name: Antenna_L_05
  m_TagString: Untagged
  m_Icon: {fileID: 0}
  m_NavMeshLayer: 0
  m_StaticEditorFlags: 0
  m_IsActive: 1
--- !u!4 &865824673037173068
Transform:
  m_ObjectHideFlags: 0
  m_CorrespondingSourceObject: {fileID: 0}
  m_PrefabInstance: {fileID: 0}
  m_PrefabAsset: {fileID: 0}
  m_GameObject: {fileID: 865824673036885356}
  m_LocalRotation: {x: -0.03155253, y: -0.017818999, z: 0.23185392, w: 0.97207546}
  m_LocalPosition: {x: 0.35829026, y: 0.059167728, z: 0.00059305824}
  m_LocalScale: {x: 0.999999, y: 1, z: 1}
  m_Children: []
  m_Father: {fileID: 865824673037173058}
  m_RootOrder: 0
  m_LocalEulerAnglesHint: {x: 0, y: 0, z: 0}
--- !u!1 &865824673036885358
GameObject:
  m_ObjectHideFlags: 0
  m_CorrespondingSourceObject: {fileID: 0}
  m_PrefabInstance: {fileID: 0}
  m_PrefabAsset: {fileID: 0}
  serializedVersion: 6
  m_Component:
  - component: {fileID: 865824673037173070}
  m_Layer: 0
  m_Name: Antenna_R_01
  m_TagString: Untagged
  m_Icon: {fileID: 0}
  m_NavMeshLayer: 0
  m_StaticEditorFlags: 0
  m_IsActive: 1
--- !u!4 &865824673037173070
Transform:
  m_ObjectHideFlags: 0
  m_CorrespondingSourceObject: {fileID: 0}
  m_PrefabInstance: {fileID: 0}
  m_PrefabAsset: {fileID: 0}
  m_GameObject: {fileID: 865824673036885358}
  m_LocalRotation: {x: -0.23020902, y: -0.30628276, z: 0.79186344, w: 0.4755491}
  m_LocalPosition: {x: -0.14407681, y: -0.12111592, z: -0.07579005}
  m_LocalScale: {x: 1, y: 1, z: 1.000001}
  m_Children:
  - {fileID: 865824673037173064}
  m_Father: {fileID: 865824673037173072}
  m_RootOrder: 1
  m_LocalEulerAnglesHint: {x: 0, y: 0, z: 0}
--- !u!1 &865824673036885360
GameObject:
  m_ObjectHideFlags: 0
  m_CorrespondingSourceObject: {fileID: 0}
  m_PrefabInstance: {fileID: 0}
  m_PrefabAsset: {fileID: 0}
  serializedVersion: 6
  m_Component:
  - component: {fileID: 865824673037173072}
  m_Layer: 0
  m_Name: Head
  m_TagString: Untagged
  m_Icon: {fileID: 0}
  m_NavMeshLayer: 0
  m_StaticEditorFlags: 0
  m_IsActive: 1
--- !u!4 &865824673037173072
Transform:
  m_ObjectHideFlags: 0
  m_CorrespondingSourceObject: {fileID: 0}
  m_PrefabInstance: {fileID: 0}
  m_PrefabAsset: {fileID: 0}
  m_GameObject: {fileID: 865824673036885360}
  m_LocalRotation: {x: -0.00000017233387, y: -0.0000014900676, z: -0.11488924, w: 0.9933783}
  m_LocalPosition: {x: -0.12420621, y: 0.00000066340004, z: -0.0000000856}
  m_LocalScale: {x: 1, y: 1, z: 1}
  m_Children:
  - {fileID: 865824673037173060}
  - {fileID: 865824673037173070}
  m_Father: {fileID: 865824673037173040}
  m_RootOrder: 0
  m_LocalEulerAnglesHint: {x: 0, y: 0, z: 0}
--- !u!1 &865824673036885362
GameObject:
  m_ObjectHideFlags: 0
  m_CorrespondingSourceObject: {fileID: 0}
  m_PrefabInstance: {fileID: 0}
  m_PrefabAsset: {fileID: 0}
  serializedVersion: 6
  m_Component:
  - component: {fileID: 865824673037173074}
  m_Layer: 0
  m_Name: Leg_Back_L_01
  m_TagString: Untagged
  m_Icon: {fileID: 0}
  m_NavMeshLayer: 0
  m_StaticEditorFlags: 0
  m_IsActive: 1
--- !u!4 &865824673037173074
Transform:
  m_ObjectHideFlags: 0
  m_CorrespondingSourceObject: {fileID: 0}
  m_PrefabInstance: {fileID: 0}
  m_PrefabAsset: {fileID: 0}
  m_GameObject: {fileID: 865824673036885362}
  m_LocalRotation: {x: 0.7294451, y: 0.35751098, z: 0.54951626, w: 0.19526294}
  m_LocalPosition: {x: -0.026171217, y: 0.103185885, z: 0.22926542}
  m_LocalScale: {x: 1, y: 1, z: 1}
  m_Children:
  - {fileID: 865824673037173084}
  m_Father: {fileID: 865824673037173038}
  m_RootOrder: 0
  m_LocalEulerAnglesHint: {x: 0, y: 0, z: 0}
--- !u!1 &865824673036885364
GameObject:
  m_ObjectHideFlags: 0
  m_CorrespondingSourceObject: {fileID: 0}
  m_PrefabInstance: {fileID: 0}
  m_PrefabAsset: {fileID: 0}
  serializedVersion: 6
  m_Component:
  - component: {fileID: 865824673037173076}
  m_Layer: 0
  m_Name: Antenna_R_04
  m_TagString: Untagged
  m_Icon: {fileID: 0}
  m_NavMeshLayer: 0
  m_StaticEditorFlags: 0
  m_IsActive: 1
--- !u!4 &865824673037173076
Transform:
  m_ObjectHideFlags: 0
  m_CorrespondingSourceObject: {fileID: 0}
  m_PrefabInstance: {fileID: 0}
  m_PrefabAsset: {fileID: 0}
  m_GameObject: {fileID: 865824673036885364}
  m_LocalRotation: {x: 0.0035114149, y: 0.0040543037, z: 0.10858954, w: 0.9940722}
  m_LocalPosition: {x: -0.19001873, y: 0.00000066340004, z: -0.0000001498}
  m_LocalScale: {x: 1.000001, y: 1, z: 1}
  m_Children:
  - {fileID: 865824673037173078}
  m_Father: {fileID: 865824673037173066}
  m_RootOrder: 0
  m_LocalEulerAnglesHint: {x: 0, y: 0, z: 0}
--- !u!1 &865824673036885366
GameObject:
  m_ObjectHideFlags: 0
  m_CorrespondingSourceObject: {fileID: 0}
  m_PrefabInstance: {fileID: 0}
  m_PrefabAsset: {fileID: 0}
  serializedVersion: 6
  m_Component:
  - component: {fileID: 865824673037173078}
  m_Layer: 0
  m_Name: Antenna_R_05
  m_TagString: Untagged
  m_Icon: {fileID: 0}
  m_NavMeshLayer: 0
  m_StaticEditorFlags: 0
  m_IsActive: 1
--- !u!4 &865824673037173078
Transform:
  m_ObjectHideFlags: 0
  m_CorrespondingSourceObject: {fileID: 0}
  m_PrefabInstance: {fileID: 0}
  m_PrefabAsset: {fileID: 0}
  m_GameObject: {fileID: 865824673036885366}
  m_LocalRotation: {x: -0.03155204, y: -0.017818898, z: 0.23185441, w: 0.97207534}
  m_LocalPosition: {x: -0.3582901, y: -0.059166744, z: -0.0005925874}
  m_LocalScale: {x: 1.000001, y: 1.000001, z: 1}
  m_Children: []
  m_Father: {fileID: 865824673037173076}
  m_RootOrder: 0
  m_LocalEulerAnglesHint: {x: 0, y: 0, z: 0}
--- !u!1 &865824673036885368
GameObject:
  m_ObjectHideFlags: 0
  m_CorrespondingSourceObject: {fileID: 0}
  m_PrefabInstance: {fileID: 0}
  m_PrefabAsset: {fileID: 0}
  serializedVersion: 6
  m_Component:
  - component: {fileID: 865824673037173080}
  m_Layer: 0
  m_Name: Leg_Back_R_01
  m_TagString: Untagged
  m_Icon: {fileID: 0}
  m_NavMeshLayer: 0
  m_StaticEditorFlags: 0
  m_IsActive: 1
--- !u!4 &865824673037173080
Transform:
  m_ObjectHideFlags: 0
  m_CorrespondingSourceObject: {fileID: 0}
  m_PrefabInstance: {fileID: 0}
  m_PrefabAsset: {fileID: 0}
  m_GameObject: {fileID: 865824673036885368}
  m_LocalRotation: {x: 0.35751083, y: -0.72944516, z: -0.195263, w: 0.54951626}
  m_LocalPosition: {x: -0.026171237, y: 0.103185385, z: -0.2292653}
  m_LocalScale: {x: 1, y: 1, z: 1}
  m_Children:
  - {fileID: 865824673037173082}
  m_Father: {fileID: 865824673037173038}
  m_RootOrder: 1
  m_LocalEulerAnglesHint: {x: 0, y: 0, z: 0}
--- !u!1 &865824673036885370
GameObject:
  m_ObjectHideFlags: 0
  m_CorrespondingSourceObject: {fileID: 0}
  m_PrefabInstance: {fileID: 0}
  m_PrefabAsset: {fileID: 0}
  serializedVersion: 6
  m_Component:
  - component: {fileID: 865824673037173082}
  m_Layer: 0
  m_Name: Leg_Back_R_02
  m_TagString: Untagged
  m_Icon: {fileID: 0}
  m_NavMeshLayer: 0
  m_StaticEditorFlags: 0
  m_IsActive: 1
--- !u!4 &865824673037173082
Transform:
  m_ObjectHideFlags: 0
  m_CorrespondingSourceObject: {fileID: 0}
  m_PrefabInstance: {fileID: 0}
  m_PrefabAsset: {fileID: 0}
  m_GameObject: {fileID: 865824673036885370}
  m_LocalRotation: {x: -0.010100807, y: -0.007932791, z: 0.7863937, w: 0.6175922}
  m_LocalPosition: {x: -0.2515723, y: 0.0000001712, z: 0.00000021400001}
  m_LocalScale: {x: 1, y: 1, z: 1}
  m_Children:
  - {fileID: 865824673037173092}
  m_Father: {fileID: 865824673037173080}
  m_RootOrder: 0
  m_LocalEulerAnglesHint: {x: 0, y: 0, z: 0}
--- !u!1 &865824673036885372
GameObject:
  m_ObjectHideFlags: 0
  m_CorrespondingSourceObject: {fileID: 0}
  m_PrefabInstance: {fileID: 0}
  m_PrefabAsset: {fileID: 0}
  serializedVersion: 6
  m_Component:
  - component: {fileID: 865824673037173084}
  m_Layer: 0
  m_Name: Leg_Back_L_02
  m_TagString: Untagged
  m_Icon: {fileID: 0}
  m_NavMeshLayer: 0
  m_StaticEditorFlags: 0
  m_IsActive: 1
--- !u!4 &865824673037173084
Transform:
  m_ObjectHideFlags: 0
  m_CorrespondingSourceObject: {fileID: 0}
  m_PrefabInstance: {fileID: 0}
  m_PrefabAsset: {fileID: 0}
  m_GameObject: {fileID: 865824673036885372}
  m_LocalRotation: {x: -0.010100498, y: -0.007932398, z: 0.7863937, w: 0.6175922}
  m_LocalPosition: {x: 0.25157264, y: -0.00000032100002, z: 0.00000027820002}
  m_LocalScale: {x: 1, y: 1.000001, z: 1}
  m_Children:
  - {fileID: 865824673037173086}
  m_Father: {fileID: 865824673037173074}
  m_RootOrder: 0
  m_LocalEulerAnglesHint: {x: 0, y: 0, z: 0}
--- !u!1 &865824673036885374
GameObject:
  m_ObjectHideFlags: 0
  m_CorrespondingSourceObject: {fileID: 0}
  m_PrefabInstance: {fileID: 0}
  m_PrefabAsset: {fileID: 0}
  serializedVersion: 6
  m_Component:
  - component: {fileID: 865824673037173086}
  m_Layer: 0
  m_Name: Leg_Back_L_03
  m_TagString: Untagged
  m_Icon: {fileID: 0}
  m_NavMeshLayer: 0
  m_StaticEditorFlags: 0
  m_IsActive: 1
--- !u!4 &865824673037173086
Transform:
  m_ObjectHideFlags: 0
  m_CorrespondingSourceObject: {fileID: 0}
  m_PrefabInstance: {fileID: 0}
  m_PrefabAsset: {fileID: 0}
  m_GameObject: {fileID: 865824673036885374}
  m_LocalRotation: {x: -0.54642874, y: 0.83049136, z: -0.081257395, w: -0.07139337}
  m_LocalPosition: {x: 0.22526084, y: 0.0042421436, z: 0}
  m_LocalScale: {x: 1, y: 1, z: 1}
  m_Children: []
  m_Father: {fileID: 865824673037173084}
  m_RootOrder: 0
  m_LocalEulerAnglesHint: {x: 0, y: 0, z: 0}
